3817 5692
601 706 634 768 S.
658 705 944 771 SCRIPTURAE
969 709 1331 774 ANTE-NICAENA.
1421 713 1485 774 345

489 872 542 944 Τὸ
572 873 753 963 σάββατον
778 879 880 956 τύπος
910 880 984 950 ε’στί
1015 881 1067 949 καί
1097 881 1185 950 εἰκιύν
1214 889 1272 963 τῆς
1300 884 1484 965 μελλούσης

437 990 611 1075 βασιλείας
626 998 691 1061 των
708 993 820 1085 ἁγίων,
838 995 925 1075 ἡνίκα
943 997 1246 1082 σνμβασιλεύσονσι
1263 1003 1311 1087 τῷ
1327 996 1483 1094 Χριστῷ,

437 1108 699 1201 παραγινομένοιι
732 1110 832 1179 αύτοῦ
861 1111 916 1180 ἀπ’
949 1112 1097 1207 οὐρανῶν,
1127 1115 1167 1190 ὡς
1194 1110 1342 1193 Ἰωάννης
1375 1114 1406 1181 έν
1439 1118 1482 1205 τῇ

436 1219 675 1315 Ἀποκαλύψει
701 1226 801 1294 αύτοῦ
826 1224 997 1317 διηγεῖται.
1023 1225 1209 1321 Interprei.
1235 1228 1272 1296 in
1288 1226 1482 1309 Danielem,

437 1334 466 1430 ς.
482 1346 516 1406 4.
534 1362 568 1430 p.
585 1343 669 1409 100.
688 1342 775 1411 edit.
795 1341 899 1411 Rom.
918 1366 976 1411 an.
1000 1347 1104 1419 1772.

697 1604 926 1675 Maarsares
952 1604 1220 1677 Cfla1sr1AN1.

486 1736 613 1805 Libros
644 1736 769 1807 Sacros
798 1739 892 1830 apud
917 1737 1136 1808 Christianos
1167 1739 1385 1831 temporibus
1412 1739 1482 1809 illis

436 1859 607 1942 receptos,
614 1850 797 1944 evangelia
808 1875 890 1921 oum
901 1854 1039 1933 ceteris,
1046 1875 1106 1922 eos
1118 1875 1194 1922 esse
1204 1875 1292 1944 quos
1303 1874 1341 1921 se
1355 1853 1481 1934 colere,

435 1965 661 2056 credereque,
675 1965 856 2036 Divinitas
870 1966 1055 2057 inspiratos
1069 1988 1156 2049 esse,
1170 1976 1208 2035 et
1222 1968 1389 2059 dogmata
1402 1967 1482 2036 reli-

434 2081 549 2171 gionis
574 2083 776 2165 continere3
801 2092 911 2174 atque
935 2083 980 2152 ad
1007 2092 1158 2152 mortem
1184 2106 1296 2175 usque
1322 2092 1483 2153 amanter

435 2203 602 2279 retentos,
627 2221 649 2266 a
676 2220 713 2267 se
744 2197 850 2268 nullis
878 2197 1076 2290 prodendos
1106 2207 1143 2267 et
1173 2200 1363 2269 tradendos
1396 2222 1481 2281 osse,

434 2312 644 2402 profitentur
677 2336 795 2383 coram
823 2313 1004 2405 judicibus
1038 2314 1109 2382 suis
1137 2314 1202 2384 SS.
1231 2313 1409 2406 Martyres
1444 2316 1479 2383 in

433 2425 572 2497 tiatira
590 2428 763 2498 Ruinarto
784 2428 952 2499 collectis.
1005 2428 1102 2498 Vide
1119 2451 1220 2523 pagg.
1240 2434 1299 2507 87.
1318 2434 1377 2507 89.
1396 2427 1479 2500 356.

434 2547 518 2621 357.
538 2547 621 2621 394.
640 2544 726 2614 edit.
745 2542 898 2614 Amstel.

846 2792 1074 2864 Οιιιοεπεε.

483 2925 619 3008 Ἐπειδὴ
646 2928 720 3025 περί
743 2929 942 3009 τηλικούτων
959 2924 1169 3024 ἐξετάζοντες
1186 2922 1405 3021 πραγμάτων,
1424 2928 1479 2996 ούκ

433 3041 619 3136 ἆρκούμενοι
638 3053 710 3119 ταῖς
726 3053 843 3119 κοιναῖς
864 3044 995 3119 ἐννοίαις
1014 3042 1066 3112 καί
1087 3048 1130 3135 τῇ
1146 3041 1297 3136 ἐναργείᾳ
1315 3045 1379 3109 τῶν
1396 3043 1479 3127 βλε-

431 3160 577 3240 πομένων
602 3156 1012 3255 τροσπαραλαμβάνομεν,
1030 3160 1073 3232 είς
1097 3158 1157 3237 την
1183 3156 1379 3253 φαινομένην
1406 3160 1478 3239 ἡμῖν

431 3272 597 3367 άπύθειξιν
609 3280 674 3344 τῶν
686 3274 880 3366 λεγομένων,
892 3274 1057 3369 μαρτύρια
1074 3269 1117 3343 τά
1132 3273 1165 3341 ε’κ
1181 3277 1247 3341 των
1263 3273 1481 3355 πεπιστευμέ·

431 3420 488 3459 νων
505 3392 578 3472 ἡμῖν
601 3388 678 3459 εἶναι
704 3391 792 3461 θείων
812 3395 966 3487 γραφῶν,
983 3397 1041 3471 τῆς
1066 3420 1105 3458 τε
1131 3388 1309 3478 λεγομένης
1334 3388 1479 3464 παλαίας

430 3504 588 3590 διαθήκης,
605 3506 657 3575 καὶ
683 3514 741 3587 τῆς
766 3505 960 3588 καλουμένης
982 3512 1096 3586 καινης,
1114 3503 1209 3595 λόγῳ
1231 3534 1270 3572 τε
1292 3504 1477 3599 πειρώμεθα

428 3622 591 3715 κρατύνειν
618 3625 702 3703 ἡμῶν
729 3621 788 3701 την
816 3622 942 3703 πίστιν,
960 3620 1012 3689 καὶ
1041 3618 1133 3715 (sor.
1151 3616 1224 3711 κᾷν)
1251 3615 1374 3687 ούδέπω
1401 3619 1477 3715 περὶ

427 3743 492 3807 τῶν
514 3742 655 3834 γραφῶν
678 3739 718 3813 ὡς
744 3738 833 3807 θείων
856 3734 1088 3831 θιειλέχθημεν·
1115 3735 1198 3831 φέρε
1223 3734 1275 3803 καί
1301 3734 1376 3830 περὶ
1402 3737 1479 3805 τού-

427 3881 492 3919 των
510 3852 612 3943 ὀλίγα
634 3853 674 3925 ὡς
695 3852 727 3919 ἐν
749 3852 893 3942 ἐπιτομῇ
917 3848 1135 3936 διαλάβωμεν,
1152 3848 1197 3919 τὰ
1223 3856 1370 3919 κινοῦντα
1396 3854 1477 3933 ἡμᾶς

428 3967 467 4040 ὡς
480 3966 555 4060 περὶ
571 3966 659 4035 θείων
671 3961 876 4060 γραμμάτων
889 3967 932 4040 είς
943 3971 1049 4034 τοῦτο
1063 3964 1328 4058 παρατιθέμενοι.
1365 3964 1478 4035 Exor-

429 4081 486 4150 dio
516 4080 597 4150 libri
619 4081 665 4149 iv.
696 4078 752 4150 De
774 4077 981 4174 Ρκὶιιοιῗρίὶε,
1008 4103 1041 4172 p.
1062 4075 1145 4148 156.
1172 4079 1257 4148 edit.
1284 4077 1475 4152 Delaruan.

428 4217 489 4265 seu
508 4195 731 4265 Benedictio.

478 4308 579 4381 Μετὰ
591 4308 634 4380 τὸ
647 4313 686 4387 ὡς
699 4312 730 4382 ἐν
740 4308 900 4405 ἐπιδρομῇ
911 4310 1064 4404 εἰρηκέναι
1079 4310 1154 4404 περὶ
1167 4315 1229 4380 τοῦ
1242 4309 1476 4385 θεοπνεύστονς

426 4423 503 4496 εἶναι
515 4425 576 4503 τὰς
587 4427 682 4503 Θείας
693 4424 1024 4524 γραφὰς,.ἆναγκαΐον
1035 4424 1219 4518 ἐπεξελθεῖν
1232 4430 1281 4514 τῷ
1291 4426 1409 4519 τρόπῳ
1418 4432 1477 4506 τῆς

426 4542 633 4633 ἀναγνώσεως
649 4544 701 4612 καί
720 4548 854 4625 νοήσεως
872 4543 984 4612 αὐτῶν.
1012 4541 1104 4611 Ibid.
1121 4564 1196 4633 cap.
1216 4545 1249 4610 8.
1269 4537 1401 4633 p.164.

477 4657 607 4754 Διόπερ
623 4668 694 4734 τοῖς
716 4659 918 4741 πειθομένοις
941 4658 986 4738 μη
1010 4657 1185 4753 ἀνθρώπων
1202 4653 1279 4725 εἶναι
1298 4652 1477 4752 συγγράμ-

898 4792 920 4831 r
934 4791 956 4853 y
972 4787 989 4834 2
