3817 5692
490 707 554 774 166
720 706 974 772 ARCHELAI
999 707 1062 770 ET
1089 705 1308 769 ltlANETlS

489 886 601 957 turbae
621 884 867 954 convenissent
893 883 938 952 ad
966 880 1110 953 solitum
1137 879 1383 972 disputationis
1408 878 1536 961 locum,

489 1011 527 1072 et
545 1001 674 1071 Manes
687 1001 764 1091 jam
783 998 889 1068 verba
906 998 1022 1067 facere
1039 998 1211 1088 coepisset,
1230 996 1347 1066 subito
1365 997 1402 1064 in
1419 996 1537 1065 medio

489 1137 613 1189 eorum
634 1114 796 1206 apparuit
813 1111 1022 1194 Archelaus,
1040 1134 1081 1181 ac
1099 1111 1296 1181 Diodorum
1320 1109 1538 1202 complexus,

489 1241 611 1303 sancto
643 1228 762 1299 oseulo
791 1227 969 1299 salutavit.
1022 1226 1199 1296 Diodorus
1224 1249 1316 1308 vero,
1343 1237 1381 1296 et
1406 1249 1537 1308 omnes,

490 1349 550 1440 qui
569 1355 759 1440 presentes
775 1353 886 1426 erant,
903 1343 1067 1414 admirati
1092 1352 1175 1413 sunt
1201 1366 1288 1435 opus
1313 1343 1443 1412 divinae
1459 1366 1540 1435 pro-

491 1463 665 1544 videntia,
684 1470 725 1531 ut
753 1461 790 1529 in
818 1467 978 1551 tempore
1004 1460 1080 1550 ipso
1105 1459 1313 1529 adventaret
1331 1457 1538 1538 Archelaus,

491 1602 562 1671 quo
588 1578 734 1670 quaestio
759 1576 988 1658 movebatur3
1014 1597 1053 1644 re
1078 1575 1173 1645 eninr
1198 1597 1289 1656 veru,
1308 1573 1402 1665 quod
1424 1573 1537 1643 faten-

492 1694 578 1763 dum
601 1701 666 1774 est,
684 1691 783 1783 quasi
810 1713 856 1760 ex
883 1698 984 1782 parte
1011 1690 1128 1782 aliqua
1156 1688 1338 1782 religiosus
1361 1687 1539 1757 Diodorus

491 1810 725 1904 pertimuerat
755 1805 971 1877 conflictum.
1028 1805 1120 1875 Cum
1150 1815 1270 1875 autem
1300 1805 1444 1874 vidisset
1471 1801 1540 1872 Ar-

492 1923 655 1996 chelaum
675 1922 814 2002 Manes,
832 1922 982 1993 cessavit
1006 1921 1148 2012 quidem
1173 1922 1341 1992 continuo
1366 1921 1411 1990 ab
1431 1919 1539 1990 insul-

492 2039 639 2120 tatione,
657 2046 695 2107 et
717 2035 904 2128 supercilio
929 2059 1000 2104 non
1028 2058 1151 2127 parum
1179 2036 1330 2128 dejecto,
1353 2035 1539 2105 manifeste

492 2151 768 2245 intelligebatur,
787 2152 881 2243 quod
900 2150 1104 2222 conflictum
1122 2151 1230 2222 vellet
1248 2151 1413 2245 effugere.
1442 2150 1539 2219 Mul-

493 2267 611 2338 titudo
646 2287 729 2335 vero
766 2265 968 2336 auditomm
1006 2266 1198 2337 adventum
1232 2265 1408 2348 Archelai,
1441 2264 1539 2335 velut

493 2379 643 2473 apostoli
678 2381 910 2472 praeentiam,
938 2382 1082 2474 opinata
1115 2392 1179 2465 cst,
1206 2406 1271 2475 pro
1300 2404 1343 2453 eo
1372 2383 1465 2474 quod
1493 2382 1537 2452 ed

495 2498 591 2568 verbi
622 2496 863 2567 defensionem
894 2506 967 2567 tam
999 2506 1151 2589 paratus,
1182 2506 1220 2568 et
1248 2507 1322 2568 tam
1355 2506 1538 2590 promptus

494 2612 675 2683 existeret.
727 2611 880 2682 Etcum
906 2614 1054 2685 dextera
1078 2615 1256 2685 silentium
1284 2616 1496 2706 poposcisset
1518 2637 1539 2684 a

493 2726 625 2820 populo
643 2725 835 2814 (tumultus
853 2729 948 2797 euim
974 2751 1044 2799 non
1067 2729 1252 2799 mediocris
1269 2729 1453 2821 extiterat)
1472 2728 1539 2798 hoe

494 2846 601 2914 modo
628 2845 736 2935 coepit
753 2844 961 2916 Archelaus.
1013 2845 1167 2916 Tametsi
1187 2855 1195 2882 ¹
1202 2848 1437 2938 prudentiam,
1462 2844 1538 2939 glo-

494 2961 583 3030 riam
600 2960 719 3040 etiam,
737 2969 936 3030 nostrorum
955 2961 1115 3030 nonnulli
1132 2963 1281 3031 assecuti
1308 2970 1400 3043 sunt,
1420 2971 1538 3031 tamen

494 3073 563 3143 hoe
580 3097 641 3144 vos
659 3075 835 3166 deprecor,
854 3086 895 3144 ut
912 3100 1044 3158 eorum,
1063 3100 1140 3168 quae
1157 3086 1240 3147 ante
1257 3100 1316 3146 me
1333 3078 1428 3147 dieta
1445 3085 1539 3157 sunt,

494 3191 738 3258 testimonium
765 3192 959 3261 reservetis.
1013 3191 1095 3263 Seio
1123 3195 1217 3263 enim
1244 3202 1282 3263 et
1307 3203 1424 3263 certus
1450 3215 1537 3272 sum,

495 3303 647 3388 Fratres,
664 3306 830 3396 quoniam
849 3307 1029 3378 quodoro
1055 3332 1125 3378 non
1150 3332 1213 3401 pro
1237 3311 1345 3401 ipsius
1363 3309 1538 3401 'impossi-

494 3420 634 3491 bilitate
651 3423 822 3503 suecessi;
849 3424 908 3492 sed
933 3425 1101 3517 quoniam
1126 3426 1235 3495 istum
1253 3449 1319 3519 ego
1343 3426 1425 3494 novi
1444 3435 1538 3506 tunc,

492 3557 575 3605 cum
604 3536 647 3606 ad
675 3537 743 3608 loci
768 3540 839 3608 mei
865 3548 982 3630 partes
1007 3541 1188 3632 improbus
1210 3542 1420 3622 advenisset,
1439 3539 1538 3609 Mar-

493 3651 572 3721 celli
606 3655 689 3722 rviri
721 3654 867 3724 illustris
895 3657 1019 3749 gratia,
1050 3654 1171 3726 volens
1201 3679 1282 3726 eum
1314 3657 1488 3726 divertere
1518 3678 1540 3725 a

492 3776 611 3838 nostra
641 3769 801 3840 doctrina
831 3781 868 3840 et
898 3794 920 3841 a
944 3771 1026 3854 tide,
1044 3772 1222 3856 videlieet,
1248 3797 1317 3865 quo
1348 3772 1540 3865 impietatis

491 3881 597 3973 hujus
614 3884 762 3955 idoneus
779 3885 980 3957 efficeretur
992 3897 1161 3971 assertor3
1188 3896 1225 3958 et
1238 3896 1358 3958 tamen
1377 3888 1539 3957 omnibus

491 3999 563 4068 suis
579 4002 695 4070 verbis
712 4001 749 4070 in
767 4000 865 4071 nullo
886 4024 968 4072 eum
993 4003 1176 4086 divertere,
1195 4013 1232 4074 et
1250 4026 1392 4073 movere
1409 4026 1539 4095 praeva-

491 4110 569 4182 luit.
621 4113 755 4186 Similis
772 4119 866 4187 enim
888 4120 1053 4189 inventus
1071 4129 1123 4190 est
1141 4119 1421 4214 religiosissimus
1441 4119 1539 4189 illar-

533 4315 548 4359 ‘l
564 4303 598 4360 lu
612 4305 709 4362 codiee
724 4304 872 4363 casinensi
886 4317 957 4371 erat,
973 4309 1119 4375 Diodorus,
1135 4311 1213 4367 nullo
1227 4329 1321 4368 sensu.

533 4399 636 4457 rMale
652 4401 824 4469 casinensis,
840 4404 896 4458 viri
910 4405 938 4460 ia
952 4403 1020 4479 lepis
1031 4410 1134 4482 pretia.

534 4519 540 4542 ¹
559 4515 616 4587 [An
631 4515 783 4590 legendum
799 4518 949 4590 prudentia
961 4517 985 4592 ?]
1096 4525 1104 4548 '
1120 4522 1295 4596 [Impotentic
1309 4521 1440 4584 ἀδυνατία,
1457 4537 1540 4594 quam

493 4611 606 4682 quidem
620 4630 719 4670 vocem
734 4613 854 4670 sonasse
868 4615 1007 4690 interpres
1021 4618 1152 4691 invenit]
