3817 5692
590 672 654 737 nn
678 672 1061 738 nnnnrmsunrn
1086 672 1245 738 ornus.
1376 631 1441 743 scr

393 847 679 940 uniuscujusque.
709 849 801 918 sicut
831 847 1011 919 declarant
1042 848 1143 918 nobis
1177 857 1305 918 sanctae
1328 848 1441 940 'scrip-

316 969 324 983 ‘
393 971 490 1046 turre,
508 986 668 1055 quarum,
686 986 749 1056 per
770 962 909 1057 singula
930 986 1079 1055 quaeque
1100 985 1221 1033 eornm
1244 986 1324 1054 quae
1341 986 1441 1034 enar-

393 1077 557 1161 rabimus,
574 1078 774 1148 adferemus
792 1079 992 1170 perspicuas
1008 1079 1243 1171 probationes.

444 1191 512 1265 IV.
539 1194 599 1264 Ad
627 1217 707 1285 quoe
734 1194 826 1265 forte
856 1204 907 1276 tu,
933 1195 993 1286 qui
1023 1216 1155 1264 novum
1182 1196 1266 1285 quid
1292 1193 1439 1275 inducis,

391 1307 561 1377 continuo
586 1308 814 1400 impatienter
839 1308 1050 1400 respondeas
1073 1318 1114 1379 ut
1135 1308 1237 1391 soles,
1255 1309 1385 1379 dixisse
1401 1309 1439 1378 in

391 1421 574 1516 evangelio
592 1423 797 1505 Dominum,
815 1420 899 1492 Nisi
916 1424 994 1518 quis
1014 1422 1125 1495 denuo
1147 1432 1249 1493 uatus
1260 1422 1380 1517 suerit
1395 1435 1521 1493 euJoen·
1533 1436 1599 1499 iiis·

390 1558 482 1630 apuu
503 1545 537 1607 ct
554 1535 705 1631 Spiritu,
726 1561 796 1609 uon
812 1545 924 1632 potest
946 1538 1095 1609 introire
1115 1539 1154 1608 iu
1175 1561 1316 1634 reguum
1340 1536 1440 1609 coelo-

389 1676 491 1721 rum:
523 1652 581 1723 Ex
598 1676 668 1745 quo
686 1653 872 1724 manifeste
889 1663 1045 1746 apparet,
1062 1653 1114 1746 illi
1132 1653 1308 1745 baptisma
1324 1652 1438 1724 solum

389 1769 564 1858 prodesse,
589 1769 647 1837 oui
673 1768 784 1860 possit
813 1768 922 1839 etiam
947 1767 1100 1861 Spiritus
1129 1776 1271 1838 sauctus
1300 1768 1436 1853 inesse;

389 1904 494 1974 super
516 1884 630 1975 ipsum
654 1884 748 1954 enim
767 1882 973 1965 Dominum,
991 1906 1073 1953 cum
1091 1882 1338 1976 baptizaretur,
1357 1883 1438 1976 Spi-

388 1998 495 2067 ritum
526 2009 689 2069 sanctum
719 1999 951 2081 descendisse,
981 1998 1187 2090 factumque
1220 1999 1304 2089 ejus·
1330 2007 1438 2089 atque

388 2112 523 2183 dictum
562 2116 694 2207 pariter
732 2138 938 2209 congruere,
978 2137 1045 2185 nec
1083 2113 1153 2186 alia
1192 2113 1264 2185 ulla
1302 2115 1437 2184 ratione

386 2229 593 2319 mysterium
631 2230 726 2300 istud
762 2253 863 2322 posse
902 2231 1104 2302 consistere.
1169 2229 1237 2300 Cui
1272 2251 1436 2322 responso

388 2365 492 2413 nemo
513 2354 672 2414 nostrum
691 2347 797 2415 ¹adeo
822 2346 873 2415 its
897 2347 1040 2416 insanus
1066 2346 1240 2438 reperitur
1264 2353 1327 2415 aut
1352 2363 1436 2415 con-

377 2466 522 2543 ›tumam
539 2470 580 2529 ut
603 2462 732 2530 audeat
755 2471 878 2529 contra
900 2461 952 2530 fas
978 2472 1041 2530 sut
1067 2469 1191 2531 contra
1208 2483 1331 2536 verum
1353 2484 1436 2530 con-

386 2575 577 2646 tradicere:
603 2573 748 2656 scilicet,
767 2575 872 2645 rebus
893 2575 1049 2668 integris,
1068 2583 1105 2643 et
1130 2575 1226 2643 omni
1252 2576 1358 2645 modo
1384 2576 1436 2644 ita

385 2689 421 2758 iu
447 2687 611 2759 Ecclesia
635 2690 810 2781 gerendis,
837 2697 875 2758 et
900 2689 1095 2759 secundum
1121 2687 1317 2779 disciplinae
1343 2689 1435 2758 ordi-

385 2827 467 2874 nem
485 2812 655 2896 perpetuo
673 2827 695 2874 a
710 2805 812 2875 nobis
829 2804 1065 2874 observandis.
1113 2802 1186 2874 Sed
1204 2804 1233 2873 si
1252 2804 1289 2873 in
1307 2804 1433 2874 eodem

384 2943 475 2990 novo
492 2928 708 2990 testamento
731 2919 806 2989 haec
824 2943 902 3011 qua
924 2921 962 2988 in
984 2919 1053 2989 isto
1075 2920 1220 3013 negotio
1237 2918 1432 3011 deprehen-

384 3036 499 3108 dimus
534 3037 698 3118 adunata,
724 3059 979 3127 nonnunquam
1013 3036 1234 3126 reperiantur
1262 3035 1432 3126 quodam-

383 3152 489 3221 modo
515 3152 626 3221 divisa
648 3174 690 3222 ac
712 3159 880 3243 separata,
898 3160 936 3220 et
957 3149 1104 3242 proinde
1129 3150 1297 3242 disposita
1322 3158 1430 3240 atque

382 3268 410 3337 si
444 3268 515 3337 siut
545 3266 693 3361 singula,
723 3268 904 3337 videamus
937 3276 1057 3336 utrum
1088 3266 1221 3358 possint
1255 3287 1332 3335 esse
1365 3264 1429 3335 ali-

382 3382 522 3474 quando
552 3383 660 3452 etiam
690 3381 913 3474 singulariter
937 3380 1103 3463 solitaria,
1129 3382 1227 3472 quasi
1257 3403 1329 3450 non
1358 3380 1429 3451 sint

375 3497 519 3580 mutila,
540 3498 601 3567 sed
626 3507 795 3589 tanquam
821 3498 959 3591 integra
980 3506 1087 3588 atque
1112 3496 1280 3589 perfecta.
1332 3496 1427 3566 Nam

381 3636 462 3684 cum
475 3637 542 3706 per
558 3637 683 3684 manus
703 3614 965 3705 impositionem
988 3613 1142 3705 episcopi
1166 3613 1271 3682 datur
1294 3612 1430 3681 unicui-

380 3752 450 3819 que
479 3730 637 3823 credenti
669 3728 821 3821 Spiritus
850 3738 1004 3807 sanctus,
1034 3729 1126 3797 sicut
1156 3726 1306 3819 apostoli
1337 3728 1430 3800 circa

381 3841 620 3913 Samaritanos
637 3852 715 3934 post
737 3842 893 3934 Philippi
917 3843 1092 3935 baptisma
1117 3865 1259 3912 manum
1286 3842 1338 3913 eis
1363 3844 1429 3912 im-

381 3958 544 4049 ponendo
567 3957 737 4037 fecerunt,
756 3966 793 4025 et
817 3956 883 4026 hac
906 3958 1042 4026 ratione
1067 3956 1239 4048 Spiritum
1264 3967 1426 4028 sanctum

379 4072 415 4138 iu
446 4092 506 4140 eos
536 4070 782 4154 contulerunt;
817 4071 911 4161 quod
942 4079 983 4140 ut
1011 4072 1086 4141 {ieri
1116 4080 1235 4163 posset
1265 4072 1331 4163 ipsi
1358 4093 1494 4165 pronos·
1505 4096 1556 4145 vrrs.

378 4186 428 4254 cic
453 4194 648 4270 oraverunt,
674 4183 823 4256 noudum
850 4186 940 4265 cuim
966 4208 1069 4279 super
1092 4203 1280 4280 quenquam
1308 4160 1523 4255 corum¹⁵’¹⁶”

379 4298 568 4370 'deciderat
584 4298 751 4393 Spiritus,
776 4307 907 4371 tautum
934 4308 1044 4370 autem
1071 4297 1238 4393 baptizoti
1262 4308 1360 4367 eram
1386 4299 1424 4367 iu

420 4521 427 4544 ¹
441 4516 512 4572 adeo
527 4518 566 4573 ita
577 4518 704 4591 insanus]
723 4519 769 4573 An
783 4517 947 4592 legendum,
962 4537 979 4573 o
993 4519 1054 4575 Deo
1069 4517 1108 4573 ita
1123 4517 1260 4572 imarus?

418 4612 590 4687 'deciderut]
616 4613 754 4688 Reposnit
772 4612 827 4669 hoc
848 4631 885 4670 ex
904 4614 966 4686 ipso
986 4613 1107 4669 fortasse
1131 4611 1228 4667 codice
1243 4610 1423 4686 desumptum

420 4728 491 4769 von.
509 4729 539 4769 ν.
887 4730 905 4773 s
922 4729 941 4789 q
