3817 5692
747 721 1046 783 DISPUTATIO
1362 724 1426 785 103

377 895 572 984 percepisse
599 894 879 975 demonstratum
906 904 943 963 et
964 895 1043 963 ideo
1067 895 1143 984 ipsa
1167 896 1315 964 veritate
1342 897 1426 965 edo-

376 1018 480 1077 cente
507 1008 645 1089 claruit,
670 1009 723 1077 bis
749 1033 825 1100 quac
850 1010 895 1079 ab
918 1006 1096 1078 Archelao
1123 1008 1217 1078 diota
1243 1020 1334 1088 sunt,
1353 1010 1427 1100 pal-

377 1143 472 1191 mam
495 1144 559 1191 nos
577 1122 705 1193 debere
722 1123 892 1193 conferre.
945 1123 1176 1193 Aacnsnsus
1194 1144 1310 1206 mxrr,
1329 1126 1427 1209 Quo-
1500 1197 1502 1201 ⁴

377 1235 472 1304 niam
490 1236 633 1326 quidem
657 1238 702 1306 de
726 1238 900 1319 omnibus,
919 1239 964 1307 de
990 1237 1117 1328 quibus
1143 1239 1425 1331 disceptavimus,

377 1348 564 1439 prudentia
589 1350 757 1420 Judicum
793 1354 1036 1444 plenissimum
1071 1353 1260 1421 terminum
1295 1355 1425 1445 posuit,

376 1465 565 1534 tacendum
594 1474 648 1533 est
674 1466 718 1535 de
744 1464 900 1558 reliquis,
918 1478 955 1536 et
979 1468 1017 1535 in
1040 1476 1181 1557 tempus
1202 1467 1296 1537 aliud
1315 1491 1425 1538 reser-

376 1579 542 1648 vandum.
595 1579 697 1649 Siout
732 1583 837 1663 enim,
864 1583 911 1651 asi
946 1583 1025 1673 quis
1060 1584 1231 1672 serpentis
1265 1592 1425 1653 conterat

376 1702 494 1785 caput,
512 1695 549 1763 in
569 1695 706 1764 nullum
726 1697 801 1787 jam
830 1697 965 1788 reliqua
988 1699 1141 1788 corporis
1166 1698 1242 1788 ejus
1267 1698 1426 1768 membra

376 1811 580 1902 deputanda
613 1823 719 1893 suut3
756 1815 806 1882 ita
841 1812 1022 1882 dualitatis
1055 1814 1248 1902 questione
1282 1814 1424 1904 rejecta,

376 1927 468 1995 sicut
494 1949 557 2017 pro
576 1927 706 1996 viribus
730 1928 960 2012 ostendimus,
979 1928 1113 2017 reliqua
1138 1949 1219 2016 quae
1246 1949 1309 2018 per
1334 1927 1425 1999 banc

376 2040 631 2122 asserebantur,
649 2064 731 2110 cum
749 2044 825 2132 ipsa
842 2041 973 2132 pariter
989 2041 1135 2131 explosa
1152 2050 1245 2110 sunt.
1298 2042 1369 2112 Sed
1388 2044 1423 2112 in

377 2156 500 2245 ipsum,
519 2157 578 2246 qui
597 2156 708 2236 adest,
726 2168 934 2225 assertorem
953 2156 1077 2224 borum
1101 2156 1222 2245 paneis
1239 2156 1363 2238 dicam,
1384 2168 1425 2227 ut

377 2269 540 2340 omnibus
558 2272 755 2339 innotescat
774 2272 862 2360 quis,
882 2280 919 2339 et
939 2271 1042 2349 unde,
1061 2279 1098 2339 et
1115 2269 1227 2360 qualis
1244 2282 1317 2353 est;
1345 2273 1423 2341 dix·

377 2394 453 2454 erat
485 2386 580 2453 enim
616 2406 653 2453 se
687 2406 761 2454 esse
793 2384 1010 2454 Paraolitnm
1039 2384 1152 2465 iilum,
1183 2407 1289 2474 quem
1318 2386 1424 2456 Jesus

378 2500 610 2591 proficiscens,
627 2498 782 2568 humano
810 2499 930 2590 generi
962 2500 1149 2567 missurum
1178 2520 1215 2566 se
1242 2522 1317 2568 esse
1345 2522 1424 2591 pro-

377 2614 519 2683 miserat
542 2614 585 2683 ad
606 2613 756 2683 salutem
775 2614 930 2683 fidelium
950 2615 1157 2695 animarum,
1176 2623 1213 2682 et
1231 2637 1301 2682 non
1319 2614 1424 2709 longe

378 2725 508 2819 bpossit
525 2729 557 2798 ei
576 2729 709 2799 Paulus
723 2752 783 2799 vas
800 2729 984 2800 electionis
1001 2738 1038 2797 et
1058 2736 1203 2797 vocatus
1218 2727 1423 2819 Apostolus,

377 2844 470 2911 unde
501 2853 538 2912 et
564 2844 755 2935 praedicans
784 2866 899 2914 veram
929 2843 1125 2912 doctrinam
1154 2841 1301 2923 ‘aiebat
1329 2837 1425 2915 “Aac

377 2955 612 3028 documentum
634 2959 791 3051 queritis
818 2959 897 3050 ejus,
917 2959 979 3051 qui
1005 2957 1043 3026 in
1071 2981 1122 3026 me
1148 2955 1301 3050 loquitu-r
1319 2955 1425 3029 Chri-

417 3182 433 3215 ·
446 3173 480 3229 In
501 3174 599 3230 codice
621 3173 769 3230 Casinensi
791 3173 895 3237 deficit,
915 3173 949 3237 ai,
973 3179 1002 3228 et
1023 3172 1108 3245 paulo
1131 3173 1367 3246 postomium
1380 3190 1422 3228 re-

376 3270 454 3336 lecto,
469 3270 564 3327 babet.
609 3271 667 3327 Sed
680 3270 840 3327 necessaria
850 3270 910 3326 visa
924 3276 969 3325 est
983 3269 1132 3342 utrobique
1146 3268 1285 3324 correctio
1297 3276 1403 3325 nostra

416 3363 502 3424 bvel
520 3367 566 3423 hic
587 3367 723 3424 nonnulla
739 3367 850 3430 desunt,
867 3366 911 3423 vel
925 3366 1046 3422 fortasse
1062 3365 1224 3439 legendum,
1239 3372 1333 3421 utnon
1347 3366 1425 3441 Ionos

371 3471 436 3538 post
449 3466 487 3520 sr't
500 3466 525 3519 ei
538 3464 652 3526 Paulus.
668 3483 780 3539 nempe,
798 3472 827 3520 nt
846 3464 908 3538 ipso
927 3482 1026 3537 parurn
1048 3462 1164 3519 inferior
1177 3462 1214 3518 sit
1229 3461 1330 3518 Paulus
1346 3464 1422 3536 Apo·

376 3559 474 3624 stolus,
490 3580 573 3634 quem
587 3581 604 3618 a
617 3562 679 3618 Deo
701 3570 767 3617 ante
790 3580 820 3617 se
843 3561 879 3617 ad
900 3560 1017 3617 hnmani
1039 3559 1152 3635 generis
1171 3560 1292 3616 salutem
1305 3559 1424 3615 missum

375 3654 461 3714 fnisse
485 3658 524 3714 ait
544 3677 629 3733 snpra
642 3659 754 3722 Manes,
770 3658 810 3714 ita
828 3668 924 3715 tamen
945 3668 978 3715 ut
998 3657 1060 3722 sibi,
1076 3657 1152 3731 quod
1174 3657 1330 3731 perfectum
1351 3666 1422 3721 erat,

376 3763 550 3811 reservatum
564 3756 655 3812 inerit.
698 3756 773 3812 Vide
790 3774 875 3829 supra
888 3774 948 3829 cap.
968 3772 1012 3825 13.
1056 3753 1162 3826 (Velim
1183 3753 1222 3810 ita
1236 3753 1423 3827 interpretari,

377 3858 408 3905 ut
429 3850 465 3906 ad
479 3851 577 3908 Jesum
592 3854 618 3908 ei
631 3853 777 3910 referatur.
810 3852 876 3908 Vid.
892 3852 965 3907 infra
979 3871 1040 3925 cap.
1054 3868 1101 3924 34.
1144 3850 1312 3923 Censeoqne
1326 3868 1422 3905 emen-

376 3947 500 4003 dandum
520 3967 591 4015 esse,
606 3951 659 4005 etsi
678 3969 729 4006 noa
750 3950 827 4024 Ionpc
842 3957 907 4024 post
928 3950 964 4004 sit
985 3949 1018 4011 ei,
1034 3955 1066 4004 ut
1080 3966 1165 4003 voces
1184 3966 1235 4003 non
1256 3948 1333 4022 lonae
1348 3954 1423 4022 post,

375 4042 430 4099 hoc
445 4053 497 4111 est,
512 4063 563 4100 non
578 4046 660 4102 multo
675 4055 748 4121 post,
764 4054 943 4119 exponantur
963 4045 999 4101 de
1014 4045 1044 4101 S.
1062 4043 1153 4099 Panlo
1170 4043 1251 4100 brevi
1271 4051 1336 4118 post
1350 4052 1422 4099 tem-

376 4161 445 4217 pora
466 4143 650 4217 inspiratione
675 4144 797 4220 Spiritus
822 4143 921 4201 Sancti
948 4143 986 4198 ad
1013 4141 1208 4197 instruendum
1237 4140 1336 4197 fideles
1363 4149 1424 4196 tam

375 4238 524 4314 insigniter
538 4240 653 4297 donato.
676 4241 764 4297 Cous.
780 4260 861 4315 capp.
879 4255 925 4315 27.
941 4248 971 4295 et
983 4241 1046 4313 34.)

415 4335 476 4391 cln
499 4336 596 4392 codice
616 4335 764 4392 Casinensi
786 4345 839 4404 est,
854 4336 959 4411 caedat,
973 4335 1089 4398 librarii,
1109 4343 1141 4391 nt
1164 4333 1294 4397 arbitror,
1309 4349 1421 4395 errore;

375 4430 416 4487 sic
429 4431 502 4488 inira
516 4432 607 4505 capite
624 4450 671 4507 29.
692 4431 775 4489 Iesus
788 4434 824 4488 ud
836 4432 984 4508 discipulos
997 4432 1095 4503 ajebat.

415 4524 430 4569 d
446 4528 571 4603 Vulgata
584 4528 663 4603 legit,
678 4528 724 4584 Aa
739 4532 965 4603 experimentum
988 4528 1015 4584 in
1034 4546 1129 4602 graeco
1150 4535 1246 4582 tamen
1266 4530 1348 4579 textu
1368 4529 1422 4586 est,

375 4646 437 4678 (Mt.
