3817 5692
721 1665 1163 1771 ANONYMI

825 1933 1070 2015 LIBER

468 2181 596 2299 DE
648 2181 1423 2304 REBAPTISMATE.

820 2476 1045 2517 -..4-
1058 2494 1088 2500 .-

443 2697 635 2769 Nrconsus
662 2697 867 2766 Rrssnrrus
889 2692 1025 2765 Obsco.
1046 2693 1095 2764 od
1113 2692 1153 2766 S.
1173 2693 1348 2790 Cypriani
1368 2694 1458 2790 Epi-

607 2817 722 2901 stulas,
740 2842 818 2912 pag.
838 2815 922 2888 126.
941 2818 1026 2888 edit.
1045 2816 1155 2888 Paris.
1175 2818 1284 2890 1648.

476 2967 535 3037 IN
560 2966 753 3059 exemplari
777 2966 1015 3036 vetustissimo
1034 2964 1070 3034 S.
1089 2964 1256 3058 Remigii,
1279 2974 1358 3058 post
1383 2967 1474 3037 hanc

426 3084 612 3175 epistolam
634 3084 793 3175 sequitur
809 3082 995 3152 Tractatus
1013 3081 1202 3174 scriptoris
1224 3084 1391 3175 anonymi
1414 3084 1475 3173 qui

425 3201 592 3270 adversus
617 3197 845 3291 Cyprianum,
870 3198 1021 3268 eandem
1048 3199 1321 3268 controversiam
1350 3197 1477 3290 dijudi-

427 3322 495 3384 cat.
548 3313 656 3384 Hunc
673 3337 756 3383 vero
773 3312 989 3394 llaotatum
1008 3335 1112 3402 quem
1137 3313 1174 3381 in
1197 3312 1275 3382 aliis
1296 3310 1477 3404 exempla·

426 3426 523 3497 ribus
549 3427 696 3497 inveniri
721 3448 827 3496 nemo
849 3424 1021 3495 hactenus
1049 3427 1214 3517 prodidit,
1240 3424 1375 3518 placuit
1400 3426 1478 3496 istis

428 3539 742 3612 Observationibns
759 3541 873 3622 inseri,
893 3540 976 3631 quia
988 3541 1092 3610 variis
1109 3563 1215 3633 super
1230 3541 1297 3611 hac
1311 3540 1478 3633 Cypriani

428 3660 604 3728 sententia
634 3656 885 3748 quaestionibus
915 3656 1094 3726 subtiliter
1123 3656 1335 3726 examinatis
1364 3655 1480 3727 multa

428 3773 588 3842 continet
609 3795 687 3862 quae
709 3772 754 3841 ad
771 3771 901 3840 veteris
920 3769 1088 3840 Ecclesiae
1105 3770 1325 3863 disciplinam
1344 3770 1480 3841 faciunt

428 3884 641 3976 plurimun13
667 3894 715 3966 et,
739 3893 912 3975 quantum
938 3906 984 3952 ex
1012 3883 1166 3954 dictione
1192 3885 1479 3977 deprehenditur,

429 3997 595 4069 Auctoris
613 4007 667 4068 est
684 3998 729 4068 ab
747 4021 821 4066 aevo
839 3997 1048 4090 Cyprianico
1066 4022 1189 4091 pamm
1207 4000 1381 4072 distantia.

479 4208 515 4278 A
535 4208 699 4281 FELLO
717 4210 761 4280 ad
779 4210 943 4281 editionis
960 4233 1031 4281 snae
1044 4209 1083 4283 S.
1097 4210 1272 4306 Cypriani
1285 4212 1419 4284 calcem
1437 4212 1479 4282 li-

430 4324 544 4395 bellus
569 4326 637 4394 iste
662 4349 707 4395 cx
732 4324 935 4419 Rigaltiana
957 4327 1480 4408 ann01682.recususestut

423 4440 498 4530 jam
511 4439 627 4509 fuerat
637 4439 771 4510 factum
783 4440 888 4532 paulo
898 4450 983 4511 ante
993 4465 1015 4511 a
1026 4442 1179 4512 Labbaeo
1192 4443 1228 4510 in
1242 4438 1479 4513 Conciliorum

430 4553 541 4623 Tomo
559 4554 691 4636 Primo,
713 4555 778 4625 hac
800 4555 920 4627 addita
942 4557 1197 4640 observatione,
1217 4556 1358 4626 “tribui
1376 4555 1482 4626 Trac-

912 4688 932 4729 o
948 4688 968 4730 o
986 4687 1003 4731 2
