3817 5692
656 762 658 765 -
772 713 1081 779 DISPUTATIO.
1432 721 1473 781 46

428 888 487 962 καὶ
510 882 552 962 τὸ
570 883 679 965 κακὸν
698 886 770 966 ἀπὸ
791 895 855 966 τοῦ
880 887 989 965 αύτοῦ
1007 886 1194 991 φέρεσθαι,
1213 890 1272 966 καὶ
1299 889 1384 984 μίαν
1411 890 1470 989 ἀρ-

426 1008 496 1114 χὴν
525 1012 783 1112 εἰσηγούμενοι,
808 1013 851 1091 οῦ
879 1014 1126 1115 διακρίνοντες,
1155 1010 1235 1092 οῦδὲ
1262 1017 1475 1115 διαιροῦντες

427 1135 498 1215 ἀπὸ
526 1145 589 1216 τοῦ
617 1135 738 1240 φωτὸς
765 1134 807 1215 τδ
830 1137 973 1233 σκότος,
1001 1139 1060 1215 καὶ
1085 1136 1127 1215 τὸ
1154 1137 1292 1238 ἀγαθὸν
1317 1137 1475 1218 ἀπὸτοῦ

427 1270 536 1341 κακοῦ
554 1265 612 1342 καὶ
630 1261 784 1366 φαύλου,
804 1266 861 1341 καὶ
880 1260 943 1341 τὸν
962 1262 1094 1367 ἔξωθεν
1113 1262 1302 1365 ἅνθριιπτον
1320 1263 1392 1344 ἀπὸ
1410 1273 1475 1344 τοῦ

427 1386 537 1484 ἔνδον,
565 1390 613 1471 ὡς
641 1389 868 1489 προείπομεν,
896 1385 997 1464 ἀλλὰ
1026 1393 1212 1489 κιρνῦντες
1239 1391 1297 1466 καὶ
1325 1390 1475 1489 ἐγκατα-

426 1520 611 1610 μιγυῦντες
640 1509 789 1613 θοίτερον
817 1511 966 1618 θατέρῳ,
996 1512 1039 1590 οῦ
1066 1511 1250 1591 παύονται.
1288 1511 1338 1591 σῦ
1369 1512 1418 1610 δὲ,
1445 1509 1475 1592 ὦ

427 1635 558 1731 τείινον,
576 1633 626 1734 μὴ
654 1631 719 1714 ἶσα
740 1644 814 1720 τοῖς
837 1643 991 1721 πολλοῖς
1018 1643 1091 1715 τῶν
1119 1638 1318 1739 ἀνθρώπων
1345 1638 1472 1737 ἀλογί-

427 1795 525 1846 στως
558 1764 616 1840 καὶ
648 1763 773 1846 ἁπλῶς
803 1761 1004 1868 ἀμφότερα,
1033 1764 1080 1845 ὡς
1110 1760 1155 1839 ἂν
1183 1762 1295 1866 τύχοι,
1326 1763 1473 1867 ἑνῶσῃς,

427 1886 515 1987 μηδὲ
549 1894 601 2000 τῷ
629 1891 693 1987 τῆς
725 1886 965 1990 ἀγαθωσύνης
1002 1892 1086 1994 Θεῷ
1123 1888 1327 1967 ἀνατίθεσο·
1357 1887 1474 1991 ἀρχὴν

427 2012 509 2116 γὰρ,
535 2016 593 2092 καὶ
620 2013 734 2110 τέλος,
753 2016 812 2092 καὶ
836 2012 900 2093 τὸν
924 2012 1060 2093 τούτων
1082 2013 1220 2115 πατίρα
1245 2020 1318 2094 τῶν
1343 2019 1473 2111 κακῶν,

426 2140 483 2219 ε’πὶ
514 2138 578 2219 τὸν
614 2137 710 2218 Θεὸν
739 2138 991 2245 ἀναφέρουσιν,
1024 2137 1074 2218 ὧν
1107 2138 1149 2219 τὸ
1182 2140 1288 2223 τέλος
1318 2137 1474 2241 κατάρας

426 2264 545 2367 ἐγγύς.
576 2268 655 2345 οὔτε
674 2263 745 2367 γὰρ
764 2267 818 2344 οἐν
833 2272 907 2349 τοῖς
931 2265 1122 2369 είρημείιοις
1146 2267 1366 2368 εὐαγγελίοις
1388 2267 1472 2367 παρ’

427 2392 535 2470 αῦτοῦ
556 2399 620 2470 τοῦ
636 2394 801 2493 σου-ἦρος
818 2391 920 2490 ἡμῶν
938 2394 997 2470 καὶ
1013 2394 1147 2493 Κυρίου
1167 2397 1291 2491 Ἰησοῦ
1308 2397 1474 2495 Χριστοῦ

426 2518 670 2614 πιστεύουσιν,
689 2516 743 2597 δτι
771 2518 812 2597 οὐ
837 2516 983 2598 δύναται
1011 2518 1155 2621 δένδρον
1178 2518 1292 2597 καλὸν
1317 2514 1474 2619 καρποῦς

428 2730 484 2801 tes,
500 2724 549 2789 vel
562 2724 779 2790 discernentes
801 2737 843 2789 τα
860 2722 931 2789 luoe
971 2746 1054 2800 cess,
1085 2744 1186 2808 neque
1217 2721 1372 2786 bonitatis
1401 2723 1474 2786 Deo

428 2810 586 2887 tenebras,
602 2816 636 2875 et
657 2810 776 2873 bonum
793 2831 815 2874 a
833 2808 929 2885 malo,
971 2808 1089 2871 inseres
1129 2806 1363 2871 contumeliam.
1409 2806 1474 2871 Ini-

428 2901 462 2959 et
483 2895 673 2960 exteriorem
698 2894 858 2958 hominem
888 2893 930 2958 nb
972 2892 1052 2957 tium
1078 2891 1162 2956 enirn
1183 2898 1218 2956 et
1236 2891 1343 2968 finem,
1363 2897 1396 2956 et
1418 2891 1474 2954 ho-

427 2978 579 3057 interiori,
598 2979 681 3044 siout
701 2978 929 3062 praediximus3
971 2998 1043 3040 rum
1077 2985 1203 3062 patrem
1234 2976 1389 3041 melorum
1430 2977 1473 3041 sd

428 3066 484 3128 sed
509 3065 701 3129 confundere
729 3086 767 3127 eo
796 3063 929 3150 permis·
971 3062 1096 3125 '’Deum
1138 3063 1292 3138 referunt,
1330 3069 1474 3147 1ρυοιυιια

428 3172 499 3214 oere
518 3150 656 3215 alterurn
670 3148 764 3213 elteri
784 3170 849 3212 non
863 3169 929 3212 oes-
961 3148 1043 3229 finis
1063 3157 1106 3211 est
1127 3146 1286 3211 mahdicto
1300 3147 1472 3231 prosimos.

427 3243 511 3299 sant.
555 3235 604 3298 Tu
619 3255 704 3310 vero,
719 3256 738 3296 ο
754 3232 811 3310 fili,
826 3255 866 3297 ne
888 3232 929 3297 si·
971 3232 1044 3296 Non
1069 3233 1153 3296 enim
1179 3231 1262 3309 chis,
1290 3253 1360 3315 quae
1386 3231 1474 3297 diota

427 3320 545 3384 militer
569 3328 607 3384 ut
632 3319 725 3383 multi
754 3318 929 3397 hominum,
970 3324 1046 3381 sunt
1061 3318 1093 3381 in
1108 3316 1277 3401 evangeliis
1298 3316 1473 3381 Salvatoris

428 3404 690 3469 irrationabiliter
701 3410 735 3468 et
745 3402 930 3488 simplieiter
971 3400 1473 3467 nostrietDominiJesuOhristi

428 3497 563 3575 utreque
585 3489 757 3553 indisereta
779 3488 929 3574 ³permis·
972 3488 1115 3563 eredunt,
1153 3486 1228 3571 quie
1264 3496 1348 3550 qnors
1377 3496 1474 3571 potest

468 3703 483 3736 ¹
497 3693 576 3750 Male
589 3693 664 3750 idem
679 3692 780 3758 codex,
795 3711 813 3748 ο
826 3693 894 3757 luce,
908 3711 925 3748 α
939 3691 1065 3749 tenebris.

468 3803 484 3835 ⁸
505 3792 605 3851 Codex
616 3791 789 3858 Casinensis,
800 3791 975 3866 pemisrerre.
996 3797 1026 3847 et
1040 3789 1199 3854 Bobiensis,
1213 3789 1379 3863 pemiroeas
1392 3806 1475 3862 neque

429 3888 557 3946 bonitatis
569 3887 628 3943 Dei
634 3886 756 3960 Jineras.
799 3886 982 3962 Epiphanius,
997 3889 1173 3962 ρετιαίςοιοι,
1191 3905 1274 3961 neque
1294 3887 1331 3942 ad
1347 3885 1475 3942 bonitatis

428 3987 517 4042 Deum
530 3983 647 4058 referas.
674 3983 787 4040 Initium
800 3985 877 4048 euim,
891 3985 941 4041 διο.
974 3985 1114 4041 Praeterea
1129 3983 1292 4039 casinensis
1306 3982 1377 4057 legit
1389 3981 1474 4056 paolo

428 4088 503 4155 post,
517 4080 630 4137 Initium
644 4087 670 4135 et
677 4080 769 4153 fiuent.
804 4080 869 4137 Nos
889 4088 984 4137 eutem
998 4099 1035 4137 ex
1049 4088 1169 4154 utroque
1184 4078 1291 4144 codice,
1306 4087 1390 4153 atque
1404 4077 1473 4154 Epi·

428 4176 533 4250 phanio
543 4175 619 4233 hunc
632 4176 726 4233 locum
740 4177 962 4234 emendavimus.

468 4269 484 4314 b
499 4272 648 4329 Bobiensis
663 4272 762 4339 codex,
777 4273 931 4330 Dominum.

468 4377 481 4409 ⁰
502 4367 664 4424 Casinensis
678 4367 810 4431 habebat,
822 4367 850 4423 iu
864 4367 916 4425 Ιιίι.
953 4367 1027 4424 Vide
1041 4374 1137 4424 tomen
1150 4385 1187 4423 an
1206 4367 1307 4423 leviter
1320 4366 1472 4423 emenden-

429 4463 496 4521 dum
510 4464 547 4521 sit
561 4465 635 4539 apud
650 4463 848 4540 Epiphanium,
864 4468 922 4519 οίίτι
935 4466 987 4537 γὰρ
1000 4467 1054 4521 τοῖς
1067 4463 1208 4537 ιίρημίνοις
1221 4463 1249 4517 ίν
1262 4463 1431 4533 εὐαγγελίοις.

636 4619 644 4648 ¹
662 4617 752 4676 Hebr.
767 4618 805 4675 vi.
822 4617 848 4673 δ.
1054 4614 1066 4644 ²
1080 4614 1187 4673 Matth.
1202 4614 1249 4670 vii.
1264 4612 1309 4668 18.
