<?xml version="1.0" encoding="UTF-8"?>
<!DOCTYPE html PUBLIC "-//W3C//DTD XHTML 1.0 Transitional//EN"
    "http://www.w3.org/TR/xhtml1/DTD/xhtml1-transitional.dtd">
<html xmlns="http://www.w3.org/1999/xhtml" xml:lang="en" lang="en">
 <head>
  <title>
</title>
<meta http-equiv="Content-Type" content="text/html;charset=utf-8" />
  <meta name='ocr-system' content='tesseract 3.04.00' />
  <meta name='ocr-capabilities' content='ocr_page ocr_carea ocr_par ocr_line ocrx_word'/>
</head>
<body>
  <div class='ocr_page' id='page_1' title='image "./reliquiaesacrae02routgoog_0194.png"; bbox 0 0 3817 5692; ppageno 0'>
   <div class='ocr_carea' id='block_1_1' title="bbox 503 685 1321 757">
    <p class='ocr_par' dir='ltr' id='par_1_1' title="bbox 503 685 1321 757">
     <span class='ocr_line' id='line_1_1' title="bbox 503 685 1321 757; baseline 0.005 -4"><span class='ocrx_word' id='word_1_1' title='bbox 503 693 567 754; x_wconf 78' lang='lat'>180</span> <span class='ocrx_word' id='word_1_2' title='bbox 734 685 986 756; x_wconf 84' lang='lat' dir='ltr'><strong>ARCHELAI</strong></span> <span class='ocrx_word' id='word_1_3' title='bbox 1011 691 1075 754; x_wconf 87' lang='lat' dir='ltr'>ET</span> <span class='ocrx_word' id='word_1_4' title='bbox 1101 688 1321 757; x_wconf 81' lang='lat' dir='ltr'><strong>MANETIS</strong></span> 
     </span>
    </p>
   </div>
   <div class='ocr_carea' id='block_1_2' title="bbox 492 860 1599 3594">
    <p class='ocr_par' dir='ltr' id='par_1_2' title="bbox 492 860 1599 3594">
     <span class='ocr_line' id='line_1_2' title="bbox 502 860 1544 958; baseline 0.004 -26"><span class='ocrx_word' id='word_1_5' title='bbox 502 864 613 934; x_wconf 77' lang='lat' dir='ltr'>&#39;‘sicrct</span> <span class='ocrx_word' id='word_1_6' title='bbox 629 860 738 945; x_wconf 82' lang='lat' dir='ltr'>homo,</span> <span class='ocrx_word' id='word_1_7' title='bbox 757 863 823 933; x_wconf 91' lang='lat' dir='ltr'>hac</span> <span class='ocrx_word' id='word_1_8' title='bbox 840 865 1006 955; x_wconf 88' lang='lat' dir='ltr'>opinione</span> <span class='ocrx_word' id='word_1_9' title='bbox 1023 867 1169 956; x_wconf 82' lang='lat' dir='ltr'>concipe</span> <span class='ocrx_word' id='word_1_10' title='bbox 1190 866 1298 935; x_wconf 89' lang='lat' dir='ltr'>etiam</span> <span class='ocrx_word' id='word_1_11' title='bbox 1317 866 1361 934; x_wconf 90' lang='lat' dir='ltr'>de</span> <span class='ocrx_word' id='word_1_12' title='bbox 1379 889 1433 948; x_wconf 91' lang='lat' dir='ltr'>eo,</span> <span class='ocrx_word' id='word_1_13' title='bbox 1452 868 1544 958; x_wconf 91' lang='lat' dir='ltr'>quod</span> 
     </span>
     <span class='ocr_line' id='line_1_3' title="bbox 501 977 1547 1072; baseline 0.004 -24"><span class='ocrx_word' id='word_1_14' title='bbox 501 979 637 1051; x_wconf 91' lang='lat' dir='ltr'>dictum</span> <span class='ocrx_word' id='word_1_15' title='bbox 655 988 718 1061; x_wconf 69' lang='lat' dir='ltr'>est,</span> <span class='ocrx_word' id='word_1_16' title='bbox 736 978 825 1050; x_wconf 78' lang='lat' dir='ltr'>sicut</span> <span class='ocrx_word' id='word_1_17' title='bbox 838 977 1015 1058; x_wconf 75' lang='lat' dir='ltr'>columbo:</span> <span class='ocrx_word' id='word_1_18' title='bbox 1041 1002 1183 1051; x_wconf 87' lang='lat' dir='ltr'>necesse</span> <span class='ocrx_word' id='word_1_19' title='bbox 1201 991 1255 1049; x_wconf 89' lang='lat' dir='ltr'>est</span> <span class='ocrx_word' id='word_1_20' title='bbox 1273 990 1310 1049; x_wconf 87' lang='lat' dir='ltr'>ct</span> <span class='ocrx_word' id='word_1_21' title='bbox 1332 981 1410 1050; x_wconf 86' lang='lat' dir='ltr'>haec</span> <span class='ocrx_word' id='word_1_22' title='bbox 1433 1005 1547 1072; x_wconf 86' lang='lat' dir='ltr'>oequa-</span> 
     </span>
     <span class='ocr_line' id='line_1_4' title="bbox 500 1093 1545 1187; baseline 0.004 -24"><span class='ocrx_word' id='word_1_23' title='bbox 500 1094 583 1164; x_wconf 88' lang='lat' dir='ltr'>liter</span> <span class='ocrx_word' id='word_1_24' title='bbox 616 1097 781 1187; x_wconf 87' lang='lat' dir='ltr'>recipere,</span> <span class='ocrx_word' id='word_1_25' title='bbox 811 1095 862 1166; x_wconf 90' lang='lat' dir='ltr'>ita</span> <span class='ocrx_word' id='word_1_26' title='bbox 891 1097 986 1165; x_wconf 87' lang='lat' dir='ltr'>enim</span> <span class='ocrx_word' id='word_1_27' title='bbox 1022 1096 1058 1164; x_wconf 92' lang='lat' dir='ltr'>in</span> <span class='ocrx_word' id='word_1_28' title='bbox 1093 1093 1284 1187; x_wconf 88' lang='lat' dir='ltr'>Scripturis</span> <span class='ocrx_word' id='word_1_29' title='bbox 1313 1118 1390 1185; x_wconf 88' lang='lat' dir='ltr'>quac</span> <span class='ocrx_word' id='word_1_30' title='bbox 1424 1096 1469 1165; x_wconf 86' lang='lat' dir='ltr'>de</span> <span class='ocrx_word' id='word_1_31' title='bbox 1502 1120 1545 1167; x_wconf 90' lang='lat' dir='ltr'>eo</span> 
     </span>
     <span class='ocr_line' id='line_1_5' title="bbox 499 1207 1545 1301; baseline 0.002 -22"><span class='ocrx_word' id='word_1_32' title='bbox 499 1210 630 1301; x_wconf 87' lang='lat' dir='ltr'>scripta</span> <span class='ocrx_word' id='word_1_33' title='bbox 652 1218 747 1293; x_wconf 90' lang='lat' dir='ltr'>sunt,</span> <span class='ocrx_word' id='word_1_34' title='bbox 767 1211 1006 1279; x_wconf 86' lang='lat' dir='ltr'>inveniuntur.</span> <span class='ocrx_word' id='word_1_35' title='bbox 1056 1207 1285 1280; x_wconf 70' lang='grc' dir='ltr'><strong>ΑΒοΗΕιΑυε</strong></span> <span class='ocrx_word' id='word_1_36' title='bbox 1309 1228 1425 1290; x_wconf 82' lang='lat' dir='ltr'>Drxrr,</span> <span class='ocrx_word' id='word_1_37' title='bbox 1444 1209 1545 1281; x_wconf 88' lang='lat' dir='ltr'>Sicut</span> 
     </span>
     <span class='ocr_line' id='line_1_6' title="bbox 500 1324 1545 1416; baseline 0.003 -24"><span class='ocrx_word' id='word_1_38' title='bbox 500 1324 567 1393; x_wconf 89' lang='lat' dir='ltr'>tibi</span> <span class='ocrx_word' id='word_1_39' title='bbox 593 1325 668 1416; x_wconf 89' lang='lat' dir='ltr'>ipse</span> <span class='ocrx_word' id='word_1_40' title='bbox 693 1348 765 1393; x_wconf 92' lang='lat' dir='ltr'>uon</span> <span class='ocrx_word' id='word_1_41' title='bbox 794 1333 905 1416; x_wconf 85' lang='lat' dir='ltr'>potes,</span> <span class='ocrx_word' id='word_1_42' title='bbox 932 1333 1100 1415; x_wconf 90' lang='lat' dir='ltr'>tauquam</span> <span class='ocrx_word' id='word_1_43' title='bbox 1127 1324 1240 1392; x_wconf 91' lang='lat' dir='ltr'>bonus</span> <span class='ocrx_word' id='word_1_44' title='bbox 1262 1324 1401 1405; x_wconf 83' lang='lat' dir='ltr'>artifex,</span> <span class='ocrx_word' id='word_1_45' title='bbox 1429 1347 1545 1415; x_wconf 87' lang='lat' dir='ltr'>neque</span> 
     </span>
     <span class='ocr_line' id='line_1_7' title="bbox 500 1437 1545 1532; baseline 0 -24"><span class='ocrx_word' id='word_1_46' title='bbox 500 1439 649 1532; x_wconf 89' lang='lat' dir='ltr'>egotibi</span> <span class='ocrx_word' id='word_1_47' title='bbox 674 1438 766 1509; x_wconf 89' lang='lat' dir='ltr'>hauc</span> <span class='ocrx_word' id='word_1_48' title='bbox 783 1439 1013 1529; x_wconf 69' lang='lat' dir='ltr'>quaestionem</span> <span class='ocrx_word' id='word_1_49' title='bbox 1030 1437 1241 1531; x_wconf 74' lang='lat' dir='ltr'>rdiligenter</span> <span class='ocrx_word' id='word_1_50' title='bbox 1259 1445 1416 1529; x_wconf 88' lang='lat' dir='ltr'>aptatam</span> <span class='ocrx_word' id='word_1_51' title='bbox 1434 1440 1545 1508; x_wconf 80' lang='lat' dir='ltr'>mani-</span> 
     </span>
     <span class='ocr_line' id='line_1_8' title="bbox 499 1551 1545 1646; baseline -0.001 -22"><span class='ocrx_word' id='word_1_52' title='bbox 499 1553 674 1635; x_wconf 85' lang='lat' dir='ltr'>festarem,</span> <span class='ocrx_word' id='word_1_53' title='bbox 699 1562 808 1645; x_wconf 88' lang='lat' dir='ltr'>atque</span> <span class='ocrx_word' id='word_1_54' title='bbox 830 1553 1019 1623; x_wconf 88' lang='lat' dir='ltr'>manifeste</span> <span class='ocrx_word' id='word_1_55' title='bbox 1049 1551 1287 1634; x_wconf 80' lang='lat' dir='ltr'>dissolverem,</span> <span class='ocrx_word' id='word_1_56' title='bbox 1310 1553 1377 1621; x_wconf 90' lang='lat' dir='ltr'>nisi</span> <span class='ocrx_word' id='word_1_57' title='bbox 1402 1562 1545 1646; x_wconf 86' lang='lat' dir='ltr'>propter</span> 
     </span>
     <span class='ocr_line' id='line_1_9' title="bbox 499 1668 1543 1762; baseline 0.003 -25"><span class='ocrx_word' id='word_1_58' title='bbox 499 1668 573 1751; x_wconf 89' lang='lat' dir='ltr'>hos,</span> <span class='ocrx_word' id='word_1_59' title='bbox 592 1670 652 1761; x_wconf 92' lang='lat' dir='ltr'>qui</span> <span class='ocrx_word' id='word_1_60' title='bbox 678 1671 856 1750; x_wconf 89' lang='lat' dir='ltr'>assistunt,</span> <span class='ocrx_word' id='word_1_61' title='bbox 875 1670 991 1762; x_wconf 90' lang='lat' dir='ltr'>etqui</span> <span class='ocrx_word' id='word_1_62' title='bbox 1016 1690 1079 1737; x_wconf 88' lang='lat' dir='ltr'>nos</span> <span class='ocrx_word' id='word_1_63' title='bbox 1096 1668 1265 1749; x_wconf 89' lang='lat' dir='ltr'>audiunt;</span> <span class='ocrx_word' id='word_1_64' title='bbox 1290 1676 1329 1737; x_wconf 88' lang='lat' dir='ltr'>et</span> <span class='ocrx_word' id='word_1_65' title='bbox 1345 1668 1435 1749; x_wconf 89' lang='lat' dir='ltr'>ideo,</span> <span class='ocrx_word' id='word_1_66' title='bbox 1453 1670 1543 1740; x_wconf 91' lang='lat' dir='ltr'>sicut</span> 
     </span>
     <span class='ocr_line' id='line_1_10' title="bbox 498 1783 1599 1877; baseline 0.002 -24"><span class='ocrx_word' id='word_1_67' title='bbox 498 1786 675 1867; x_wconf 83' lang='lat' dir='ltr'>convenit,</span> <span class='ocrx_word' id='word_1_68' title='bbox 701 1786 906 1877; x_wconf 87' lang='lat' dir='ltr'>quaestiouis</span> <span class='ocrx_word' id='word_1_69' title='bbox 931 1783 1037 1876; x_wconf 91' lang='lat' dir='ltr'>hujus</span> <span class='ocrx_word' id='word_1_70' title='bbox 1066 1805 1208 1874; x_wconf 89' lang='lat' dir='ltr'>quoque</span> <span class='ocrx_word' id='word_1_71' title='bbox 1237 1805 1412 1873; x_wconf 84' lang='lat' dir='ltr'>exponam</span> <span class='ocrx_word' id='word_1_72' title='bbox 1438 1786 1545 1855; x_wconf 88' lang='lat' dir='ltr'>ratio·</span> <span class='ocrx_word' id='word_1_73' title='bbox 1596 1831 1599 1835; x_wconf 89' lang='lat'>-</span> 
     </span>
     <span class='ocr_line' id='line_1_11' title="bbox 494 1897 1542 1991; baseline -0.001 -24"><span class='ocrx_word' id='word_1_74' title='bbox 494 1919 592 1968; x_wconf 86' lang='lat' dir='ltr'>nem.</span> <span class='ocrx_word' id='word_1_75' title='bbox 643 1898 722 1968; x_wconf 84' lang='lat' dir='ltr'>Tibi</span> <span class='ocrx_word' id='word_1_76' title='bbox 753 1900 897 1991; x_wconf 90' lang='lat' dir='ltr'>quidem</span> <span class='ocrx_word' id='word_1_77' title='bbox 926 1921 997 1967; x_wconf 88' lang='lat' dir='ltr'>non</span> <span class='ocrx_word' id='word_1_78' title='bbox 1028 1899 1168 1968; x_wconf 86' lang='lat' dir='ltr'>videtur</span> <span class='ocrx_word' id='word_1_79' title='bbox 1196 1897 1254 1989; x_wconf 91' lang='lat' dir='ltr'>pie</span> <span class='ocrx_word' id='word_1_80' title='bbox 1283 1898 1362 1980; x_wconf 90' lang='lat' dir='ltr'>dici,</span> <span class='ocrx_word' id='word_1_81' title='bbox 1392 1906 1542 1967; x_wconf 90' lang='lat' dir='ltr'>matrem</span> 
     </span>
     <span class='ocr_line' id='line_1_12' title="bbox 497 2010 1543 2104; baseline 0.001 -23"><span class='ocrx_word' id='word_1_82' title='bbox 497 2012 661 2083; x_wconf 87' lang='lat' dir='ltr'>habuisse</span> <span class='ocrx_word' id='word_1_83' title='bbox 677 2010 804 2083; x_wconf 87' lang='lat' dir='ltr'>Jesum</span> <span class='ocrx_word' id='word_1_84' title='bbox 822 2011 982 2093; x_wconf 86' lang='lat' dir='ltr'>Mariam,</span> <span class='ocrx_word' id='word_1_85' title='bbox 1001 2013 1201 2103; x_wconf 90' lang='lat' dir='ltr'>etreliqua,</span> <span class='ocrx_word' id='word_1_86' title='bbox 1219 2035 1297 2103; x_wconf 85' lang='lat' dir='ltr'>quae</span> <span class='ocrx_word' id='word_1_87' title='bbox 1314 2031 1408 2081; x_wconf 91' lang='lat' dir='ltr'>nunc</span> <span class='ocrx_word' id='word_1_88' title='bbox 1426 2034 1543 2104; x_wconf 86' lang='lat' dir='ltr'>prose-</span> 
     </span>
     <span class='ocr_line' id='line_1_13' title="bbox 497 2126 1541 2219; baseline -0.001 -22"><span class='ocrx_word' id='word_1_89' title='bbox 497 2136 602 2197; x_wconf 89' lang='lat' dir='ltr'>cutus</span> <span class='ocrx_word' id='word_1_90' title='bbox 627 2148 676 2210; x_wconf 87' lang='lat' dir='ltr'>es,</span> <span class='ocrx_word' id='word_1_91' title='bbox 699 2150 777 2218; x_wconf 85' lang='lat' dir='ltr'>quae</span> <span class='ocrx_word' id='word_1_92' title='bbox 807 2127 950 2219; x_wconf 89' lang='lat' dir='ltr'>quidem</span> <span class='ocrx_word' id='word_1_93' title='bbox 974 2128 1093 2196; x_wconf 91' lang='lat' dir='ltr'>omnia</span> <span class='ocrx_word' id='word_1_94' title='bbox 1119 2136 1279 2219; x_wconf 89' lang='lat' dir='ltr'>repetere</span> <span class='ocrx_word' id='word_1_95' title='bbox 1305 2126 1541 2217; x_wconf 84' lang='lat' dir='ltr'>perhorresco.</span> 
     </span>
     <span class='ocr_line' id='line_1_14' title="bbox 497 2240 1543 2334; baseline -0.001 -24"><span class='ocrx_word' id='word_1_96' title='bbox 497 2240 685 2311; x_wconf 82' lang='lat' dir='ltr'>Interdum</span> <span class='ocrx_word' id='word_1_97' title='bbox 702 2242 846 2333; x_wconf 90' lang='lat' dir='ltr'>quidem</span> <span class='ocrx_word' id='word_1_98' title='bbox 867 2242 944 2334; x_wconf 90' lang='lat' dir='ltr'>cogi</span> <span class='ocrx_word' id='word_1_99' title='bbox 970 2240 1062 2311; x_wconf 92' lang='lat' dir='ltr'>solet</span> <span class='ocrx_word' id='word_1_100' title='bbox 1087 2241 1215 2310; x_wconf 84' lang='lat' dir='ltr'>artifex</span> <span class='ocrx_word' id='word_1_101' title='bbox 1243 2249 1386 2332; x_wconf 85' lang='lat' dir='ltr'>propter</span> <span class='ocrx_word' id='word_1_102' title='bbox 1401 2241 1543 2331; x_wconf 90' lang='lat' dir='ltr'>imperi-</span> 
     </span>
     <span class='ocr_line' id='line_1_15' title="bbox 497 2356 1544 2448; baseline 0.001 -23"><span class='ocrx_word' id='word_1_103' title='bbox 497 2358 586 2427; x_wconf 84' lang='lat' dir='ltr'>tiam</span> <span class='ocrx_word' id='word_1_104' title='bbox 603 2357 798 2428; x_wconf 87' lang='lat' dir='ltr'>resistentis</span> <span class='ocrx_word' id='word_1_105' title='bbox 819 2358 945 2438; x_wconf 87' lang='lat' dir='ltr'>dicere,</span> <span class='ocrx_word' id='word_1_106' title='bbox 964 2366 1002 2426; x_wconf 91' lang='lat' dir='ltr'>et</span> <span class='ocrx_word' id='word_1_107' title='bbox 1024 2356 1140 2426; x_wconf 86' lang='lat' dir='ltr'>facere</span> <span class='ocrx_word' id='word_1_108' title='bbox 1158 2379 1294 2448; x_wconf 87' lang='lat' dir='ltr'>eaquae</span> <span class='ocrx_word' id='word_1_109' title='bbox 1312 2365 1454 2447; x_wconf 88' lang='lat' dir='ltr'>tempus</span> <span class='ocrx_word' id='word_1_110' title='bbox 1473 2364 1544 2426; x_wconf 88' lang='lat' dir='ltr'>¹re·</span> 
     </span>
     <span class='ocr_line' id='line_1_16' title="bbox 498 2471 1543 2564; baseline -0.001 -23"><span class='ocrx_word' id='word_1_111' title='bbox 498 2481 617 2556; x_wconf 82' lang='lat' dir='ltr'>cusat3</span> <span class='ocrx_word' id='word_1_112' title='bbox 645 2481 682 2543; x_wconf 85' lang='lat' dir='ltr'>et</span> <span class='ocrx_word' id='word_1_113' title='bbox 699 2473 779 2543; x_wconf 90' lang='lat' dir='ltr'>ideo</span> <span class='ocrx_word' id='word_1_114' title='bbox 797 2474 879 2564; x_wconf 87' lang='lat' dir='ltr'>quia</span> <span class='ocrx_word' id='word_1_115' title='bbox 895 2472 984 2542; x_wconf 91' lang='lat' dir='ltr'>mihi</span> <span class='ocrx_word' id='word_1_116' title='bbox 1001 2479 1057 2542; x_wconf 89' lang='lat' dir='ltr'>est</span> <span class='ocrx_word' id='word_1_117' title='bbox 1074 2471 1174 2541; x_wconf 88' lang='lat' dir='ltr'>illata</span> <span class='ocrx_word' id='word_1_118' title='bbox 1190 2472 1379 2541; x_wconf 77' lang='lat' dir='ltr'>necessitas</span> <span class='ocrx_word' id='word_1_119' title='bbox 1400 2481 1543 2564; x_wconf 86' lang='lat' dir='ltr'>propter</span> 
     </span>
     <span class='ocr_line' id='line_1_17' title="bbox 495 2587 1543 2679; baseline 0 -22"><span class='ocrx_word' id='word_1_120' title='bbox 495 2596 709 2679; x_wconf 87' lang='lat' dir='ltr'>praeseutem</span> <span class='ocrx_word' id='word_1_121' title='bbox 726 2587 879 2669; x_wconf 91' lang='lat' dir='ltr'>turbam,</span> <span class='ocrx_word' id='word_1_122' title='bbox 896 2587 941 2656; x_wconf 93' lang='lat' dir='ltr'>ad</span> <span class='ocrx_word' id='word_1_123' title='bbox 959 2608 1011 2669; x_wconf 75' lang='lat' dir='ltr'>ea,</span> <span class='ocrx_word' id='word_1_124' title='bbox 1029 2610 1110 2677; x_wconf 86' lang='lat' dir='ltr'>quae</span> <span class='ocrx_word' id='word_1_125' title='bbox 1130 2595 1206 2656; x_wconf 90' lang='lat' dir='ltr'>ate</span> <span class='ocrx_word' id='word_1_126' title='bbox 1232 2609 1303 2656; x_wconf 92' lang='lat' dir='ltr'>non</span> <span class='ocrx_word' id='word_1_127' title='bbox 1328 2596 1425 2657; x_wconf 88' lang='lat' dir='ltr'>recte</span> <span class='ocrx_word' id='word_1_128' title='bbox 1448 2588 1543 2657; x_wconf 89' lang='lat' dir='ltr'>dicta</span> 
     </span>
     <span class='ocr_line' id='line_1_18' title="bbox 496 2699 1542 2795; baseline 0 -22"><span class='ocrx_word' id='word_1_129' title='bbox 496 2712 589 2785; x_wconf 89' lang='lat' dir='ltr'>sunt,</span> <span class='ocrx_word' id='word_1_130' title='bbox 607 2703 728 2795; x_wconf 89' lang='lat' dir='ltr'>paucis</span> <span class='ocrx_word' id='word_1_131' title='bbox 746 2702 1007 2794; x_wconf 73' lang='lat' dir='ltr'>”respondeam</span> <span class='ocrx_word' id='word_1_132' title='bbox 1048 2699 1117 2770; x_wconf 90' lang='lat' dir='ltr'>Dic</span> <span class='ocrx_word' id='word_1_133' title='bbox 1135 2724 1219 2795; x_wconf 91' lang='lat' dir='ltr'>ergo</span> <span class='ocrx_word' id='word_1_134' title='bbox 1236 2700 1345 2785; x_wconf 90' lang='lat' dir='ltr'>mihi;</span> <span class='ocrx_word' id='word_1_135' title='bbox 1369 2704 1398 2772; x_wconf 89' lang='lat' dir='ltr'>si</span> <span class='ocrx_word' id='word_1_136' title='bbox 1416 2702 1441 2772; x_wconf 93' lang='lat' dir='ltr'>J</span> <span class='ocrx_word' id='word_1_137' title='bbox 1443 2725 1542 2773; x_wconf 90' lang='lat' dir='ltr'>esum</span> 
     </span>
     <span class='ocr_line' id='line_1_19' title="bbox 496 2814 1541 2898; baseline -0.001 -11"><span class='ocrx_word' id='word_1_138' title='bbox 496 2817 677 2888; x_wconf 91' lang='lat' dir='ltr'>hominem</span> <span class='ocrx_word' id='word_1_139' title='bbox 691 2817 898 2887; x_wconf 89' lang='lat' dir='ltr'>naturaliter</span> <span class='ocrx_word' id='word_1_140' title='bbox 914 2817 1048 2887; x_wconf 88' lang='lat' dir='ltr'>factum</span> <span class='ocrx_word' id='word_1_141' title='bbox 1066 2815 1346 2885; x_wconf 85' lang='lat' dir='ltr'>intellexerimus</span> <span class='ocrx_word' id='word_1_142' title='bbox 1359 2838 1404 2885; x_wconf 84' lang='lat' dir='ltr'>ex</span> <span class='ocrx_word' id='word_1_143' title='bbox 1419 2814 1541 2898; x_wconf 92' lang='lat' dir='ltr'>Maria,</span> 
     </span>
     <span class='ocr_line' id='line_1_20' title="bbox 495 2929 1543 3025; baseline -0.002 -24"><span class='ocrx_word' id='word_1_144' title='bbox 495 2931 706 3003; x_wconf 80' lang='lat' dir='ltr'>&#39;habentem</span> <span class='ocrx_word' id='word_1_145' title='bbox 723 2953 863 3002; x_wconf 87' lang='lat' dir='ltr'>caruem</span> <span class='ocrx_word' id='word_1_146' title='bbox 888 2941 926 3001; x_wconf 91' lang='lat' dir='ltr'>et</span> <span class='ocrx_word' id='word_1_147' title='bbox 948 2933 1155 3025; x_wconf 87' lang='lat' dir='ltr'>sauguinem</span> <span class='ocrx_word' id='word_1_148' title='bbox 1172 2929 1463 3012; x_wconf 83' lang='lat' dir='ltr'>intellexerimus,</span> <span class='ocrx_word' id='word_1_149' title='bbox 1480 2951 1543 2999; x_wconf 88' lang='lat' dir='ltr'>ne-</span> 
     </span>
     <span class='ocr_line' id='line_1_21' title="bbox 493 3043 1540 3137; baseline -0.004 -19"><span class='ocrx_word' id='word_1_150' title='bbox 493 3070 593 3119; x_wconf 85' lang='lat' dir='ltr'>cesse</span> <span class='ocrx_word' id='word_1_151' title='bbox 618 3057 672 3117; x_wconf 91' lang='lat' dir='ltr'>est</span> <span class='ocrx_word' id='word_1_152' title='bbox 689 3047 797 3116; x_wconf 89' lang='lat' dir='ltr'>etiam</span> <span class='ocrx_word' id='word_1_153' title='bbox 815 3045 987 3137; x_wconf 91' lang='lat' dir='ltr'>Spiritum</span> <span class='ocrx_word' id='word_1_154' title='bbox 1012 3044 1185 3115; x_wconf 89' lang='lat' dir='ltr'>Sanctum</span> <span class='ocrx_word' id='word_1_155' title='bbox 1202 3066 1322 3113; x_wconf 87' lang='lat' dir='ltr'>veram</span> <span class='ocrx_word' id='word_1_156' title='bbox 1340 3043 1540 3114; x_wconf 89' lang='lat' dir='ltr'>columbam</span> 
     </span>
     <span class='ocr_line' id='line_1_22' title="bbox 494 3159 1542 3253; baseline -0.001 -22"><span class='ocrx_word' id='word_1_157' title='bbox 494 3162 613 3246; x_wconf 86' lang='lat' dir='ltr'>fuisse,</span> <span class='ocrx_word' id='word_1_158' title='bbox 639 3172 677 3232; x_wconf 87' lang='lat' dir='ltr'>et</span> <span class='ocrx_word' id='word_1_159' title='bbox 701 3185 772 3232; x_wconf 91' lang='lat' dir='ltr'>non</span> <span class='ocrx_word' id='word_1_160' title='bbox 802 3161 992 3253; x_wconf 69' lang='lat' dir='ltr'>spiritum?</span> <span class='ocrx_word' id='word_1_161' title='bbox 1018 3159 1072 3230; x_wconf 86' lang='lat' dir='ltr'>Et</span> <span class='ocrx_word' id='word_1_162' title='bbox 1095 3160 1275 3251; x_wconf 88' lang='lat' dir='ltr'>quomodo</span> <span class='ocrx_word' id='word_1_163' title='bbox 1303 3159 1434 3251; x_wconf 86' lang='lat' dir='ltr'>poterit</span> <span class='ocrx_word' id='word_1_164' title='bbox 1460 3183 1542 3230; x_wconf 86' lang='lat' dir='ltr'>vera</span> 
     </span>
     <span class='ocr_line' id='line_1_23' title="bbox 493 3273 1542 3366; baseline -0.001 -21"><span class='ocrx_word' id='word_1_165' title='bbox 493 3275 659 3345; x_wconf 91' lang='lat' dir='ltr'>columba</span> <span class='ocrx_word' id='word_1_166' title='bbox 681 3298 804 3345; x_wconf 86' lang='lat' dir='ltr'>vemm</span> <span class='ocrx_word' id='word_1_167' title='bbox 829 3274 1011 3343; x_wconf 86' lang='lat' dir='ltr'>hominem</span> <span class='ocrx_word' id='word_1_168' title='bbox 1037 3273 1185 3366; x_wconf 83' lang='lat' dir='ltr'>ingredi,</span> <span class='ocrx_word' id='word_1_169' title='bbox 1203 3282 1310 3364; x_wconf 87' lang='lat' dir='ltr'>atque</span> <span class='ocrx_word' id='word_1_170' title='bbox 1334 3274 1373 3342; x_wconf 90' lang='lat' dir='ltr'>in</span> <span class='ocrx_word' id='word_1_171' title='bbox 1398 3297 1441 3344; x_wconf 91' lang='lat' dir='ltr'>eo</span> <span class='ocrx_word' id='word_1_172' title='bbox 1464 3297 1542 3366; x_wconf 90' lang='lat' dir='ltr'>per-</span> 
     </span>
     <span class='ocr_line' id='line_1_24' title="bbox 492 3387 1541 3481; baseline 0.003 -26"><span class='ocrx_word' id='word_1_173' title='bbox 492 3409 646 3469; x_wconf 87' lang='lat' dir='ltr'>manere,</span> <span class='ocrx_word' id='word_1_174' title='bbox 665 3410 745 3457; x_wconf 91' lang='lat' dir='ltr'>caro</span> <span class='ocrx_word' id='word_1_175' title='bbox 763 3388 858 3457; x_wconf 84' lang='lat' dir='ltr'>enim</span> <span class='ocrx_word' id='word_1_176' title='bbox 883 3409 1025 3457; x_wconf 87' lang='lat' dir='ltr'>carnem</span> <span class='ocrx_word' id='word_1_177' title='bbox 1051 3388 1187 3481; x_wconf 85' lang='lat' dir='ltr'>ingredi</span> <span class='ocrx_word' id='word_1_178' title='bbox 1214 3411 1286 3458; x_wconf 92' lang='lat' dir='ltr'>non</span> <span class='ocrx_word' id='word_1_179' title='bbox 1311 3387 1453 3480; x_wconf 72' lang='lat' dir='ltr'>potest?</span> <span class='ocrx_word' id='word_1_180' title='bbox 1479 3390 1541 3460; x_wconf 88' lang='lat' dir='ltr'>sed</span> 
     </span>
     <span class='ocr_line' id='line_1_25' title="bbox 492 3501 1540 3594; baseline 0.001 -23"><span class='ocrx_word' id='word_1_181' title='bbox 492 3502 606 3594; x_wconf 86' lang='lat' dir='ltr'>magis</span> <span class='ocrx_word' id='word_1_182' title='bbox 631 3503 660 3571; x_wconf 89' lang='lat' dir='ltr'>si</span> <span class='ocrx_word' id='word_1_183' title='bbox 686 3501 812 3573; x_wconf 88' lang='lat' dir='ltr'>Jesum</span> <span class='ocrx_word' id='word_1_184' title='bbox 834 3501 1016 3572; x_wconf 90' lang='lat' dir='ltr'>bominem</span> <span class='ocrx_word' id='word_1_185' title='bbox 1043 3525 1165 3571; x_wconf 88' lang='lat' dir='ltr'>vemm</span> <span class='ocrx_word' id='word_1_186' title='bbox 1192 3503 1431 3585; x_wconf 85' lang='lat' dir='ltr'>confiteamur,</span> <span class='ocrx_word' id='word_1_187' title='bbox 1458 3526 1540 3573; x_wconf 90' lang='lat' dir='ltr'>eum</span> 
     </span>
    </p>
   </div>
   <div class='ocr_carea' id='block_1_3' title="bbox 488 3754 1541 4389">
    <p class='ocr_par' dir='ltr' id='par_1_3' title="bbox 533 3754 1400 3831">
     <span class='ocr_line' id='line_1_26' title="bbox 533 3754 1400 3831; baseline 0 -20"><span class='ocrx_word' id='word_1_188' title='bbox 533 3764 550 3795; x_wconf 90' lang='lat'>¹</span> <span class='ocrx_word' id='word_1_189' title='bbox 572 3755 607 3811; x_wconf 91' lang='lat' dir='ltr'>lu</span> <span class='ocrx_word' id='word_1_190' title='bbox 621 3755 717 3813; x_wconf 91' lang='lat' dir='ltr'>codice</span> <span class='ocrx_word' id='word_1_191' title='bbox 732 3754 882 3814; x_wconf 68' lang='lat' dir='ltr'>(lesinensi</span> <span class='ocrx_word' id='word_1_192' title='bbox 896 3756 1036 3820; x_wconf 83' lang='lat' dir='ltr'>scribitur,</span> <span class='ocrx_word' id='word_1_193' title='bbox 1049 3757 1120 3813; x_wconf 80' lang='lat' dir='ltr'>sicat</span> <span class='ocrx_word' id='word_1_194' title='bbox 1134 3757 1211 3813; x_wconf 75' lang='lat' dir='ltr'>bomo</span> <span class='ocrx_word' id='word_1_195' title='bbox 1225 3775 1258 3812; x_wconf 84' lang='lat' dir='ltr'>cc</span> <span class='ocrx_word' id='word_1_196' title='bbox 1271 3757 1400 3831; x_wconf 75' lang='lat' dir='ltr'>opinione.</span> 
     </span>
    </p>

    <p class='ocr_par' dir='ltr' id='par_1_4' title="bbox 490 3851 1541 4197">
     <span class='ocr_line' id='line_1_27' title="bbox 532 3851 1541 3929; baseline -0.001 -21"><span class='ocrx_word' id='word_1_197' title='bbox 532 3861 546 3899; x_wconf 71' lang='lat' dir='ltr'>y</span> <span class='ocrx_word' id='word_1_198' title='bbox 567 3851 668 3909; x_wconf 87' lang='lat' dir='ltr'>Codex</span> <span class='ocrx_word' id='word_1_199' title='bbox 682 3851 846 3909; x_wconf 78' lang='lat' dir='ltr'>casinensis</span> <span class='ocrx_word' id='word_1_200' title='bbox 866 3853 907 3908; x_wconf 84' lang='lat' dir='ltr'>ita</span> <span class='ocrx_word' id='word_1_201' title='bbox 919 3852 1000 3927; x_wconf 87' lang='lat' dir='ltr'>legit,</span> <span class='ocrx_word' id='word_1_202' title='bbox 1015 3853 1084 3909; x_wconf 74' lang='lat' dir='ltr'>lunc</span> <span class='ocrx_word' id='word_1_203' title='bbox 1097 3855 1267 3929; x_wconf 68' lang='lat' dir='ltr'>questionem</span> <span class='ocrx_word' id='word_1_204' title='bbox 1282 3854 1432 3928; x_wconf 74' lang='lat' dir='ltr'>diffiqeater</span> <span class='ocrx_word' id='word_1_205' title='bbox 1445 3861 1541 3927; x_wconf 78' lang='lat' dir='ltr'>optare</span> 
     </span>
     <span class='ocr_line' id='line_1_28' title="bbox 491 3947 1540 4024; baseline 0.001 -20"><span class='ocrx_word' id='word_1_206' title='bbox 491 3957 547 4004; x_wconf 79' lang='lat' dir='ltr'>tum</span> <span class='ocrx_word' id='word_1_207' title='bbox 567 3947 779 4021; x_wconf 71' lang='lat' dir='ltr'>inanisestarem,</span> <span class='ocrx_word' id='word_1_208' title='bbox 793 3958 875 4024; x_wconf 81' lang='lat' dir='ltr'>atque</span> <span class='ocrx_word' id='word_1_209' title='bbox 894 3949 1038 4023; x_wconf 79' lang='lat' dir='ltr'>manifeste</span> <span class='ocrx_word' id='word_1_210' title='bbox 1050 3949 1233 4006; x_wconf 66' lang='lat' dir='ltr'>dissolverem.</span> <span class='ocrx_word' id='word_1_211' title='bbox 1277 3949 1336 4007; x_wconf 90' lang='lat' dir='ltr'>Sed</span> <span class='ocrx_word' id='word_1_212' title='bbox 1357 3968 1393 4006; x_wconf 86' lang='lat' dir='ltr'>ex</span> <span class='ocrx_word' id='word_1_213' title='bbox 1414 3949 1540 4006; x_wconf 87' lang='lat' dir='ltr'>Manetis</span> 
     </span>
     <span class='ocr_line' id='line_1_29' title="bbox 490 4045 1539 4121; baseline 0.004 -21"><span class='ocrx_word' id='word_1_214' title='bbox 490 4045 724 4119; x_wconf 82' lang='lat' dir='ltr'>interrogatione,</span> <span class='ocrx_word' id='word_1_215' title='bbox 746 4046 791 4101; x_wconf 91' lang='lat' dir='ltr'>cui</span> <span class='ocrx_word' id='word_1_216' title='bbox 814 4045 971 4102; x_wconf 86' lang='lat' dir='ltr'>Archelaus</span> <span class='ocrx_word' id='word_1_217' title='bbox 991 4047 1155 4121; x_wconf 85' lang='lat' dir='ltr'>respondet,</span> <span class='ocrx_word' id='word_1_218' title='bbox 1176 4066 1229 4104; x_wconf 90' lang='lat' dir='ltr'>uos</span> <span class='ocrx_word' id='word_1_219' title='bbox 1250 4047 1326 4104; x_wconf 92' lang='lat' dir='ltr'>hunc</span> <span class='ocrx_word' id='word_1_220' title='bbox 1344 4047 1438 4104; x_wconf 89' lang='lat' dir='ltr'>locum</span> <span class='ocrx_word' id='word_1_221' title='bbox 1457 4047 1539 4106; x_wconf 82' lang='lat' dir='ltr'>resti.</span> 
     </span>
     <span class='ocr_line' id='line_1_30' title="bbox 493 4141 608 4197; baseline 0.009 -1"><span class='ocrx_word' id='word_1_222' title='bbox 493 4141 608 4197; x_wconf 86' lang='lat' dir='ltr'>tuimus.</span> 
     </span>
    </p>

    <p class='ocr_par' dir='ltr' id='par_1_5' title="bbox 488 4237 1539 4389">
     <span class='ocr_line' id='line_1_31' title="bbox 534 4237 1539 4314; baseline -0.001 -20"><span class='ocrx_word' id='word_1_223' title='bbox 534 4247 548 4278; x_wconf 83' lang='lat'>¹</span> <span class='ocrx_word' id='word_1_224' title='bbox 571 4237 766 4312; x_wconf 60' lang='lat' dir='ltr'>Respondeant,</span> <span class='ocrx_word' id='word_1_225' title='bbox 788 4257 850 4312; x_wconf 87' lang='lat' dir='ltr'>pro,</span> <span class='ocrx_word' id='word_1_226' title='bbox 873 4239 1045 4314; x_wconf 80' lang='lat' dir='ltr'>respondebo,</span> <span class='ocrx_word' id='word_1_227' title='bbox 1067 4240 1107 4296; x_wconf 87' lang='lat' dir='ltr'>sic</span> <span class='ocrx_word' id='word_1_228' title='bbox 1129 4240 1158 4295; x_wconf 93' lang='lat' dir='ltr'>iu</span> <span class='ocrx_word' id='word_1_229' title='bbox 1183 4258 1244 4314; x_wconf 85' lang='lat' dir='ltr'>cap.</span> <span class='ocrx_word' id='word_1_230' title='bbox 1266 4239 1314 4310; x_wconf 89' lang='lat'>48.</span> <span class='ocrx_word' id='word_1_231' title='bbox 1336 4240 1467 4302; x_wconf 82' lang='lat' dir='ltr'>edoceam,</span> <span class='ocrx_word' id='word_1_232' title='bbox 1486 4257 1539 4312; x_wconf 94' lang='lat' dir='ltr'>pro</span> 
     </span>
     <span class='ocr_line' id='line_1_32' title="bbox 488 4333 612 4389; baseline 0.016 -2"><span class='ocrx_word' id='word_1_233' title='bbox 488 4333 612 4389; x_wconf 77' lang='lat' dir='ltr'>edocebo.</span> 
     </span>
    </p>
   </div>
   <div class='ocr_carea' id='block_1_4' title="bbox 551 4513 1481 4591">
    <p class='ocr_par' dir='ltr' id='par_1_6' title="bbox 551 4513 1481 4591">
     <span class='ocr_line' id='line_1_33' title="bbox 551 4513 1481 4591; baseline 0.004 -23"><span class='ocrx_word' id='word_1_234' title='bbox 551 4519 558 4541; x_wconf 89' lang='lat'>¹</span> <span class='ocrx_word' id='word_1_235' title='bbox 577 4513 657 4584; x_wconf 85' lang='lat' dir='ltr'>[For.</span> <span class='ocrx_word' id='word_1_236' title='bbox 673 4514 805 4587; x_wconf 85' lang='lat' dir='ltr'>requirit]</span> <span class='ocrx_word' id='word_1_237' title='bbox 970 4523 979 4546; x_wconf 85' lang='lat'>’</span> <span class='ocrx_word' id='word_1_238' title='bbox 998 4518 1076 4590; x_wconf 89' lang='lat' dir='ltr'>[For.</span> <span class='ocrx_word' id='word_1_239' title='bbox 1090 4516 1253 4591; x_wconf 86' lang='lat' dir='ltr'>legendum,</span> <span class='ocrx_word' id='word_1_240' title='bbox 1269 4516 1367 4572; x_wconf 70' lang='lat' dir='ltr'>dobere</span> <span class='ocrx_word' id='word_1_241' title='bbox 1379 4518 1481 4589; x_wconf 81' lang='lat' dir='ltr'>autern]</span> 
     </span>
    </p>
   </div>
   <div class='ocr_carea' id='block_1_5' title="bbox 0 0 1914 5692">
    <p class='ocr_par' dir='ltr' id='par_1_7' title="bbox 0 0 1914 5692">
     <span class='ocr_line' id='line_1_34' title="bbox 0 0 1914 5692; baseline 0 3"><span class='ocrx_word' id='word_1_242' title='bbox 0 0 1914 5692; x_wconf 95' lang='lat' dir='ltr'> </span> 
     </span>
    </p>
   </div>
  </div>
 </body>
</html>
