3817 5692
799 696 1103 761 ARCHELAUS.
1433 702 1475 762 98

427 877 550 933 teorum
576 869 720 933 adnexo:
760 875 796 932 at
823 868 892 932 illas
916 868 995 931 scite
1022 866 1160 931 intexuit
1190 868 1318 952 reliquis
1344 869 1475 933 editoris

426 971 512 1035 notis
530 971 732 1035 doctissimus
752 978 866 1034 auctor
882 970 1099 1054 Supplementi
1121 970 1163 1032 ad
1179 969 1319 1034 Concilio
1340 973 1476 1036 Veneto

428 1074 604 1138 Labbeana
627 1074 754 1151 (Menai
778 1073 937 1158 Supplem.
959 1072 1001 1135 ad
1024 1072 1143 1134 Concil.
1165 1081 1242 1136 tom.
1259 1073 1278 1135 i.
1295 1095 1387 1158 pagg.
1404 1094 1474 1158 113,

426 1177 520 1259 seq.).
554 1176 652 1260 (Ver.
677 1176 771 1239 Lecta
797 1174 919 1237 circiter
938 1192 992 1257 50.
1019 1175 1162 1249 lantum.)
1205 1174 1368 1238 Praeterea
1392 1175 1474 1260 frag·

426 1285 571 1341 mentum
586 1276 822 1360 Disputationis
843 1274 992 1341 Archelai
1009 1296 1048 1337 ex
1065 1274 1175 1359 Cyrilli
1193 1275 1475 1360 Hierosolymitani

427 1379 593 1443 (latechesi
609 1379 648 1441 vi.
665 1380 846 1442 desumtum
864 1385 963 1460 atque
983 1376 1094 1439 iisdem
1117 1377 1211 1440 Actis
1231 1379 1290 1442 sub
1305 1378 1400 1441 finem
1420 1380 1475 1442 ad-

422 1481 557 1565 jectum,
571 1480 762 1545 contulimus
777 1501 849 1543 cum
869 1478 1040 1542 novissima
1059 1477 1198 1541 editione
1220 1478 1391 1542 Parisiensi
1407 1479 1474 1544 BB.

428 1581 609 1665 cyrilliana,
625 1581 862 1664 versionemque
881 1579 1103 1654 recensuimus,
1120 1586 1153 1643 et
1174 1579 1212 1642 cl.
1231 1580 1363 1643 editoris
1381 1588 1475 1644 notas

428 1682 628 1765 subjecimus.

838 1844 1062 1879 ...4-

472 1985 553 2052 Haec
576 1988 787 2051 Glausanrcs.
833 1990 915 2052 Cum
938 2011 1012 2054 vero
1037 1987 1203 2054 Fabricius
1226 1990 1258 2053 in
1281 1986 1475 2054 Bibliotheca

432 2091 558 2166 Graece,
581 2090 640 2153 vol.
657 2090 706 2153 vii.
729 2112 800 2175 pag.
818 2093 889 2172 276.
914 2092 963 2155 ed.
992 2113 1090 2165 novae,
1115 2091 1302 2176 scripsisset,
1329 2091 1474 2176 colligere

428 2191 634 2276 Zacagnium‚
650 2191 682 2254 in
698 2192 857 2277 epitomen
876 2194 1034 2275 redegisse
1049 2194 1198 2257 Archelai
1214 2194 1299 2258 Acta
1316 2192 1474 2276 Hegemo-

428 2291 527 2366 nium,
543 2304 641 2375 atque
663 2292 745 2356 illius
767 2293 863 2356 modo
886 2293 1052 2378 Epitomes
1075 2295 1227 2358 Latinam
1250 2302 1388 2357 veterem
1407 2315 1474 2357 ver-

427 2393 547 2456 sionem
562 2393 605 2457 ad
621 2415 678 2456 nos
701 2394 888 2478 pervenisse,
905 2394 978 2457 inde
998 2395 1083 2477 quod
1104 2395 1136 2457 in
1155 2396 1215 2459 hac
1231 2417 1293 2457 non
1314 2395 1472 2478 legantur,

427 2516 499 2580 quae
514 2516 553 2558 ex
564 2494 715 2558 Archelai
728 2496 959 2581 disceptatione
972 2519 1042 2559 cum
1056 2497 1187 2560 Manete
1202 2498 1324 2582 profert
1336 2496 1473 2581 Cyrillus

429 2596 557 2660 Hieros.
580 2604 613 2660 et
636 2597 721 2680 quod
743 2598 866 2661 duobus
889 2598 966 2661 locis
986 2611 1098 2662 auctor
1118 2598 1230 2660 horum
1253 2599 1408 2661 Actorum
1431 2598 1473 2661 ab

430 2698 589 2762 Archelao
615 2720 648 2762 sc
672 2698 848 2785 distinguat
873 2722 911 2764 ac
935 2700 1091 2764 diversum
1118 2699 1220 2763 innuit
1232 2724 1242 2773 ,·
1272 2720 1310 2761 ea
1332 2721 1402 2782 quae
1425 2721 1472 2761 se·

428 2807 576 2882 quantur,
593 2800 650 2862 cel.
668 2799 790 2864 Keilius
805 2801 927 2865 notavit
942 2802 984 2865 ad
1000 2800 1224 2864 Fabricianum
1240 2820 1329 2882 opus.
1374 2799 1473 2862 “His

427 2908 450 2938 “
465 2900 570 2984 ipsis,”
585 2900 698 2984 inquit,
715 2901 879 2985 “aliisque
896 2902 1037 2987 pluribus
1053 2902 1093 2965 de
1111 2900 1214 2964 causis
1229 2921 1352 2963 omnem
1369 2901 1472 2963 Acto-

428 3010 449 3039 “
461 3023 531 3066 rum
540 3002 634 3066 fidem
644 3011 741 3087 atque
752 3004 976 3068 auctoritatem
987 3004 1156 3088 infringere
1168 3000 1470 3066 studuitBeausohr.

429 3112 448 3139 ‘⁸
462 3104 593 3168 Histoir.
616 3104 653 3168 de
675 3105 814 3169 Manet.
838 3106 891 3170 lib.
904 3107 922 3169 i.
944 3129 1015 3191 cap.
1028 3105 1081 3169 xii.
1104 3112 1137 3169 et
1158 3104 1222 3168 xiii.
1238 3127 1269 3190 p.
1287 3122 1356 3187 129,
1372 3126 1417 3187 sq.
1439 3111 1473 3167 et

429 3214 449 3245 “
465 3204 548 3269 Bitl.
571 3207 673 3269 Germ.
689 3214 713 3270 t.
727 3207 789 3270 xlii.
808 3230 840 3292 p.
857 3229 911 3293 34,
933 3230 982 3292 sq.
1005 3208 1058 3292 qui
1078 3207 1292 3271 narrationem
1312 3206 1406 3270 istam
1427 3205 1442 3267 l
1460 3243 1472 3253 ·
1529 3231 1530 3235 ¹

429 3314 448 3344 “
463 3307 569 3371 hulam
589 3328 657 3370 esse
677 3307 811 3390 judicat,
834 3318 950 3392 quarto
974 3331 1036 3373 see.
1059 3331 1080 3372 a
1102 3307 1249 3372 Graeculo
1272 3307 1408 3391 quodam
1433 3329 1472 3369 ex

428 3416 450 3445 ‘⁶
465 3408 546 3471 veris
561 3408 680 3492 partim
691 3408 837 3494 fictisque
851 3409 1040 3486 rumoribus,
1050 3410 1169 3496 partim
1184 3432 1223 3473 ex
1238 3409 1363 3493 ingenio
1375 3407 1472 3471 etiam

427 3518 449 3547 “
465 3517 666 3582 contextam
691 3511 779 3595 cujus
795 3512 962 3576 sententiae
977 3520 1013 3576 ut
1028 3512 1169 3576 lautores
1184 3519 1296 3575 nactus
1310 3518 1359 3573 est
1373 3510 1472 3572 Lard-

428 3620 450 3649 “
461 3634 525 3676 ner.
540 3613 592 3696 qui
606 3615 670 3695 (De
680 3613 762 3676 Fide
773 3610 856 3677 Hie.
866 3615 987 3698 Eeoop.
1003 3636 1034 3699 p.
1044 3631 1118 3698 375,
1130 3636 1176 3697 sq.
1190 3613 1239 3677 ed.
1251 3612 1373 3690 Germ.)
1384 3610 1472 3673 novis

429 3722 448 3749 ‘⁶
464 3713 544 3777 adeo
555 3736 625 3778 earn
636 3713 831 3798 argumentis
843 3714 1029 3778 confirmare
1040 3715 1172 3790 studuit,
1189 3712 1472 3795 Baumgartenium

429 3824 448 3854 ‘⁴
463 3815 496 3879 in
518 3816 636 3879 Neela.
659 3837 715 3879 aaa
736 3816 856 3879 merka.
879 3816 976 3879 Buel.
994 3816 1054 3879 vol.
1071 3816 1103 3880 ii.
1118 3837 1150 3900 p.
1165 3836 1239 3896 444.
1260 3822 1358 3897 atque
1380 3812 1471 3876 Sem·

429 3926 449 3955 “
465 3918 564 3982 lerum
580 3917 612 3981 in
624 3917 790 3981 Introdael.
800 3918 845 3980 ad
853 3917 967 3980 Palem.
977 3918 1160 4001 Baamperl.
1173 3923 1196 3980 t.
1209 3916 1229 3979 i.
1246 3937 1277 4000 p.
1290 3934 1361 3996 270.
1380 3914 1472 3977 alios-

430 4028 524 4104 “que
554 4020 671 4105 plures,
701 4020 748 4083 ita
777 4019 975 4083 adversarios
1003 4020 1100 4083 etiam
1130 4017 1243 4081 habuit
1274 4017 1358 4100 Aug.
1389 4018 1470 4078 Ant.

429 4122 637 4207 “Georgium
659 4122 691 4184 in
715 4119 847 4205 Ahalae.
878 4119 969 4185 Tibe.
993 4143 1066 4207 pag.
1083 4140 1158 4206 342,
1180 4142 1227 4204 sq.
1252 4118 1340 4183 etin
1367 4118 1469 4201 Proes.

428 4234 447 4261 “
462 4232 546 4307 part.
558 4225 579 4288 i.
599 4223 763 4307 praemissa
778 4244 850 4307 pag.
864 4222 915 4285 xli.
936 4231 1034 4306 atque
1049 4222 1222 4286 Travasam
1243 4220 1276 4283 in
1292 4222 1373 4283 δίον.
1393 4218 1470 4282 Oria.

429 4335 447 4362 “
462 4326 537 4390 della
552 4325 618 4389 Vei
633 4323 713 4409 decli
726 4325 815 4387 Erae.
831 4331 855 4387 t.
868 4345 894 4385 v.
911 4347 942 4407 p.
957 4343 1029 4407 215,
1045 4345 1090 4407 sq.
1137 4323 1281 4386 Mediam
1297 4344 1370 4385 vero
1387 4320 1472 4383 inter

428 4437 448 4467 “
464 4437 616 4512 utrosque
631 4426 724 4501 viam,
740 4428 834 4510 quarn
853 4425 1050 4488 Moshemius
1060 4447 1100 4488 ex
1115 4432 1208 4510 parte
1219 4425 1287 4510 jam
1303 4423 1471 4508 praeiverat

427 4539 450 4569 “
466 4531 498 4593 in
520 4532 677 4594 commone
693 4527 730 4591 de
749 4525 835 4590 retas
856 4527 1056 4591 Christum
1078 4527 1228 4589 Gaulum.
1245 4527 1295 4588 M.
1311 4544 1381 4607 pag.
1397 4537 1471 4601 729.

428 4633 621 4717 “ingressus
642 4639 692 4695 est
710 4628 785 4695 chr.
802 4629 885 4693 Guil.
904 4630 1019 4693 Franc.
1036 4628 1203 4692 Walchius
1222 4627 1254 4689 in
1270 4625 1387 4687 Hister.
1405 4622 1470 4685 der.
