3817 5692
392 635 396 642 ·
516 691 561 754 84
749 688 1000 753 ARCHELAI
1025 689 1090 751 ΕΤ
1115 688 1334 751 MANETIS

511 863 665 933 tionibus
683 860 882 932 excludam.
934 859 999 932 Ais
1016 861 1153 932 fructus
1175 861 1275 931 malae
1297 861 1431 941 radicis,
1449 868 1557 952 atque

511 979 612 1049 malae
642 979 774 1048 arboris
805 1001 881 1047 esse
912 987 1012 1048 actus
1039 977 1235 1054 hominum,
1259 976 1295 1046 id
1321 983 1386 1055 est,
1412 975 1561 1044 fornica-

510 1097 634 1171 tiones,
661 1091 844 1173 adulteria,
871 1091 1032 1184 perjuria,
1055 1092 1256 1173 homicidia,
1282 1100 1319 1161 et
1345 1091 1480 1182 reliqua
1504 1089 1559 1158 his

508 1209 660 1279 similia?
691 1207 829 1278 Manus
846 1227 963 1291 urxrr,
983 1209 1049 1278 Ita.
1085 1208 1311 1277 Aacrrumus
1329 1226 1445 1287 urxrr,
1466 1206 1559 1298 Ergo

508 1326 534 1393 si
562 1325 756 1394 humanum
781 1346 895 1416 genus
918 1324 1062 1393 interire
1086 1323 1284 1415 pervenerit
1301 1345 1322 1392 a
1339 1322 1429 1392 facie
1446 1331 1559 1401 terrae,

507 1442 616 1509 itaut
634 1439 727 1509 ultra
745 1440 821 1531 jam
850 1462 997 1531 peecare
1023 1461 1093 1508 non
1117 1440 1260 1530 possint,
1279 1438 1408 1530 periret
1425 1437 1557 1508 arboris

507 1555 610 1647 hujus
628 1556 834 1635 substantia,
853 1556 1010 1624 fructum
1030 1554 1123 1624 ultra
1140 1577 1208 1623 nou
1227 1554 1384 1624 afferens.
1420 1552 1558 1623 Mases

506 1685 620 1750 mxrr,
633 1669 685 1740 Et
699 1669 849 1761 quando,
864 1670 959 1760 quod
973 1670 1071 1751 dicis,
1085 1668 1171 1739 fieti
1198 1667 1424 1738 Aacuumus
1441 1688 1557 1748 urxrr,

507 1785 701 1867 ¹Quoniam
719 1785 813 1876 quod
831 1785 992 1853 futurum
1010 1793 1064 1853 est
1082 1785 1211 1864 nescio,
1225 1784 1331 1855 homo
1350 1785 1444 1853 euim
1457 1804 1556 1863 sum;

504 1909 714 1970 nontamen
737 1922 935 1971 sermonem
962 1900 1071 1968 istum
1094 1899 1326 1969 indiscussum
1349 1898 1555 1990 relinquam.

503 2013 598 2095 Quid
626 2016 713 2085 dicis
743 2015 788 2086 de
818 2014 974 2084 humano
1003 2037 1143 2108 genere,
1172 2016 1370 2108 ingenitum
1400 2022 1463 2095 est,
1492 2023 1555 2083 aut

502 2127 663 2199 factura?
710 2130 846 2198 Manus
876 2149 994 2211 u1x1r,
1028 2129 1183 2200 Factura
1214 2138 1279 2200 est.
1331 2127 1556 2200 mensurus

502 2263 617 2326 1>1x1r‚
636 2244 673 2314 Si
694 2244 830 2314 lactura
847 2254 902 2313 est
922 2244 1040 2326 homo,
1059 2246 1136 2335 quis
1161 2255 1216 2314 est
1239 2244 1413 2326 adulterii,
1431 2254 1469 2316 et
1486 2246 1556 2314 for-

501 2360 696 2441 nicationis,
715 2370 751 2429 et
776 2359 991 2450 reliquorum
1014 2359 1137 2429 talium
1163 2369 1272 2453 pater,
1291 2362 1391 2452 cujus
1415 2361 1474 2430 hic
1499 2369 1554 2431 est

501 2473 661 2543 fructus?
690 2474 901 2565 Priusquam
918 2474 1019 2544 fieret
1044 2475 1162 2558 homo,
1180 2477 1258 2567 quis
1275 2486 1350 2547 erat
1369 2478 1428 2567 qui
1447 2476 1554 2546 forni-

500 2601 652 2675 caretur,
669 2601 732 2663 aut
758 2593 986 2671 adulteraret,
1007 2603 1070 2662 aut
1095 2593 1286 2662 homicidia
1311 2593 1552 2684 perpetraret?

501 2707 640 2778 Manus
666 2730 786 2792 urxm,
805 2708 876 2779 Sed
901 2709 1009 2778 homo
1032 2731 1053 2777 a
1076 2707 1169 2778 mala
1194 2716 1321 2778 natura
1348 2708 1550 2799 plasmatus,

498 2824 728 2893 manifestum
747 2834 811 2904 est,
826 2826 909 2915 quia
927 2825 1001 2916 ipse
1018 2824 1064 2894 sit
1082 2824 1226 2903 fructus,
1241 2824 1348 2893 etiam
1366 2824 1395 2892 si
1415 2833 1550 2915 peccet,

499 2939 607 3007 etiam
635 2942 662 3010 si
697 2964 766 3009 nou
795 2949 940 3031 peccet:
968 2941 1063 3009 unde
1090 2938 1197 3009 semel
1230 2940 1390 3010 absolute
1420 2962 1548 3009 nomen

498 3052 682 3123 hominum
714 3065 751 3124 et
780 3078 892 3147 genus
918 3056 991 3125 tale
1017 3067 1081 3135 est,
1106 3056 1244 3124 etiamsi
1268 3056 1368 3146 justa
1391 3056 1547 3147 gesserit,

498 3177 561 3235 aut
595 3169 735 3258 injusta.
788 3174 1016 3241 Ancusmus
1049 3190 1164 3251 urxrr,
1195 3172 1265 3241 Sed
1300 3181 1337 3240 et
1371 3167 1464 3240 illius
1497 3173 1548 3239 rei

497 3281 668 3352 faciamus
702 3286 935 3354 mentionem.
994 3285 1033 3355 Si
1074 3286 1161 3376 ipse,
1197 3295 1238 3356 ut
1272 3287 1331 3365 aie,
1367 3286 1546 3355 hominem

497 3395 583 3467 fecit
622 3399 807 3492 malignus,
842 3423 950 3491 quare
989 3400 1159 3470 malitiam
1200 3412 1344 3473 exercet
1381 3404 1547 3472 adversus

498 3514 606 3583 eum?

548 3624 699 3699 XVIII.
725 3631 749 3700 J
754 3651 882 3701 umcus
899 3650 1105 3714 urxrrauur,
1125 3632 1207 3702 Hoc
1225 3633 1386 3704 volumus
1411 3635 1500 3704 scire
1525 3658 1546 3703 a

496 3752 544 3824 te,
562 3739 770 3826 Manichaee‚
785 3746 963 3835 quomodo
981 3746 1083 3816 illum
1100 3746 1279 3819 affirmasti
1298 3747 1430 3819 malum
1448 3750 1543 3819 essai

496 3854 552 3924 Ex
567 3879 620 3938 eo,
634 3882 704 3949 quo
717 3858 879 3929 homines
896 3860 979 3929 faeti
998 3870 1092 3944 sunt,
1105 3871 1168 3930 aut
1181 3863 1311 3933 antea?
1337 3863 1431 3946 Quia
1448 3865 1542 3934 enim

495 3992 637 4039 necesse
665 3980 719 4041 est
745 3982 782 4042 te
812 3972 960 4044 malitiae
991 3975 1065 4064 ejus
1095 3997 1182 4066 opus
1213 3977 1398 4046 ostendere
1424 4000 1469 4046 ex
1500 4000 1543 4048 eo

494 4091 665 4176 tempore,
693 4105 737 4156 ex
764 4111 834 4179 quo
865 4087 999 4158 malum
1026 4112 1108 4177 qum
1135 4090 1240 4160 fuisse
1270 4094 1403 4173 asseris,
1427 4100 1545 4163 certus

492 4209 589 4283 esto;
616 4202 700 4291 quia
716 4226 831 4294 neque
849 4205 1074 4296 cognoscitur
1090 4205 1162 4274 vini
1184 4207 1345 4297 qualitas,
1363 4209 1429 4278 nisi
1447 4210 1543 4300 prius

490 4318 685 4405 gustaverit
704 4316 792 4408 quis,
812 4320 904 4388 sicut
921 4330 958 4389 et
983 4344 1028 4390 ex
1053 4322 1170 4392 fructu
1198 4325 1312 4394 omnis
1337 4325 1441 4394 arbor
1467 4325 1543 4418 dig·

532 4511 539 4533 ¹
559 4504 639 4575 [For.
663 4506 817 4573 Quonam?
840 4528 890 4581 pro
913 4510 1046 4577 Quonam
1071 4511 1167 4567 istud?
1190 4512 1244 4568 lroc
1266 4522 1318 4577 est,
1339 4532 1462 4588 quonam
1485 4515 1540 4569 hoc

491 4601 615 4670 pertinet
627 4601 652 4672 ἓ]
