3817 5692
433 679 498 740 242
799 681 829 741 S.
848 677 1119 741 AUGUSTINI

433 872 498 919 nec
518 849 626 918 Pater
644 858 760 919 vester
780 848 938 917 dimittet
961 848 1078 918 vobis:
1105 856 1239 939 quanto
1262 848 1374 940 magis
1397 870 1479 917 cum

272 985 423 1035 ruiana.
433 986 493 1034 eos
506 965 662 1045 oderant,
674 963 801 1054 quibus
815 963 1058 1032 retribuebant
1068 962 1161 1032 mala
1172 986 1234 1055 pro
1246 962 1370 1032 bonis?
1399 960 1480 1030 Nec

272 1063 309 1098 '²'
432 1089 552 1150 tamen
578 1080 636 1149 isti
662 1078 789 1149 saeculo
813 1080 927 1148 verbis
957 1078 1039 1147 solis
1065 1086 1103 1147 et
1131 1101 1200 1147 non
1224 1078 1326 1148 factis
1352 1100 1481 1147 renun-

431 1197 573 1275 tiantes,
591 1197 619 1265 si
637 1203 761 1286 postea
777 1194 1046 1285 corrigerentur,
1063 1215 1181 1261 rursus
1199 1192 1479 1284 baptizarentur3

431 1309 492 1378 sed
527 1333 598 1379 uno
629 1309 727 1379 vitali
757 1309 971 1400 baptismate
1004 1308 1317 1378 sanctificarentur.
1372 1305 1479 1388 Quod

431 1425 574 1516 quidem
591 1427 627 1495 iu
646 1423 831 1495 Catholica
852 1433 916 1505 est,
935 1423 997 1493 sed
1019 1447 1090 1492 non
1115 1423 1151 1490 in
1174 1422 1266 1503 sola;
1293 1423 1385 1491 sicut
1411 1443 1478 1490 nec

431 1542 468 1610 in
494 1542 623 1612 sanctis
648 1541 740 1620 solis,
764 1541 824 1631 qui
850 1540 1011 1608 aedificati
1038 1547 1120 1608 sunt
1146 1559 1250 1629 super
1274 1546 1423 1628 petram,
1441 1547 1479 1605 et

268 1666 414 1717 cuaata.
432 1680 478 1728 ex
496 1656 624 1748 quibus
640 1656 745 1725 unica
762 1654 823 1724 illa
839 1654 1004 1724 columba
1020 1653 1211 1745 perficitur.

268 1783 386 1846 Car-ss·
483 1770 610 1842 Castus
631 1795 653 1841 a
675 1771 777 1842 Sicca
798 1770 910 1840 dixit:
938 1768 1010 1858 Qui
1034 1775 1199 1839 ematemto
1224 1770 1364 1839 veritate
1383 1790 1479 1860 prce-

431 1887 537 1956 samc't
561 1885 835 1958 consuetudinem
860 1886 967 1980 sequi,
984 1894 1045 1954 out
1066 1885 1159 1955 circo
1175 1881 1314 1977 srotres
1341 1881 1479 1952 invidus

431 2009 479 2071 cst
508 2011 540 2073 et
569 2000 749 2098 motiones,
776 2001 896 2097 quibos
925 2002 1051 2072 veritos
1079 1997 1269 2079 revelatam
1295 2008 1355 2070 out
1385 2000 1478 2071 circo

431 2115 545 2188 Deum
574 2119 731 2215 iaqrotas
760 2127 818 2200 est,
846 2118 941 2209 aaut
968 2117 1197 2211 inspiratione
1223 2114 1378 2187 Ecclesia
1408 2115 1479 2208 ejm

432 2234 629 2304 instruitur.

482 2349 556 2421 Iste
578 2351 607 2422 si
630 2352 854 2421 convinceret
880 2373 940 2421 eos
966 2352 1027 2442 qui
1053 2352 1189 2421 diversa
1214 2349 1424 2431 sentiebant,
1442 2359 1479 2418 et

431 2463 500 2534 hoc
526 2465 708 2549 tenebant,
726 2468 820 2558 quod
847 2468 954 2536 etiam
982 2475 1078 2536 totus
1104 2467 1198 2536 orbis
1224 2475 1346 2557 postea
1363 2463 1481 2533 Cbris-

433 2580 529 2651 tiano
544 2581 693 2651 concilio
706 2582 932 2652 confirmatus
945 2583 1110 2663 obtinuit,
1122 2584 1174 2652 ita
1186 2581 1479 2651 consuetudinem

432 2698 543 2787 sequi,
554 2708 594 2767 ut
606 2707 873 2768 contemnerent
885 2699 1083 2780 veritatem,
1095 2695 1281 2767 haecverba
1292 2696 1481 2766 formidare

433 2811 661 2883 deberemus:
688 2836 769 2883 cum
792 2836 874 2882 vero
899 2812 961 2882 illa
986 2813 1206 2883 consuetudo
1231 2821 1270 2881 et
1292 2812 1480 2881 averitate

433 2938 625 3020 propagata
641 2938 679 2998 et
692 2931 841 2999 veritate
858 2929 1021 2998 roborata
1037 2930 1241 3020 reperiatur,
1255 2926 1342 2997 nihil
1360 2927 1396 3007 in
1413 2926 1480 2997 hac

432 3044 610 3114 sententia
622 3043 913 3135 pertimescimus.
942 3044 990 3113 Et
1001 3052 1121 3113 tamen
1135 3044 1163 3113 si
1177 3043 1229 3113 illi
1242 3044 1336 3114 circo
1342 3041 1481 3138 fratres

434 3157 548 3228 invidi
569 3166 668 3228 cruat
690 3167 721 3229 et
742 3155 897 3254 motioni,
912 3168 973 3229 out
995 3159 1089 3230 circo
1104 3158 1219 3230 Deam
1238 3159 1378 3256 inorata,
1397 3181 1481 3229 ecce

434 3272 596 3364 qualibus
612 3274 929 3357 communicabant,
943 3297 1027 3345 ecce
1040 3276 1162 3366 quales
1175 3276 1310 3345 diversa
1326 3276 1483 3345 sentien-

435 3396 500 3470 tes,
512 3387 605 3457 sicut
615 3385 810 3479 Cyprianus
827 3389 999 3479 praedixit,
1014 3412 1035 3459 a
1044 3392 1127 3482 jure
1141 3390 1398 3459 communionis
1410 3412 1481 3458 non

435 3501 656 3585 amovebant,
665 3503 920 3594 ecceaquibus
932 3526 1005 3573 non
1015 3504 1264 3597 polluebantur
1276 3505 1484 3575 in⁰conser-

435 3620 578 3687 vatione
590 3619 744 3700 unitatis,
757 3640 839 3689 ecce
853 3629 1025 3710 quantum
1039 3622 1229 3691 amandum
1242 3622 1289 3690 sit
1301 3621 1482 3690 vinculum

436 3733 551 3824 pacis3
572 3755 655 3802 ecce
672 3734 756 3824 quid
775 3735 998 3804 considerent
1015 3738 1074 3827 qni
1093 3737 1194 3807 nobis
1211 3738 1256 3807 de
1269 3736 1482 3829 Ppraedeces·

436 3868 552 3916 sorum
578 3846 831 3938 Episcoporum
858 3848 1007 3919 concilio
1033 3850 1305 3935 calumniantur,
1332 3875 1481 3945 quorum

436 3960 621 4030 caritatem
647 3985 718 4031 non
744 3963 939 4045 imitantur,
958 3973 996 4034 et
1017 3989 1166 4058 quorum
1188 3968 1354 4059 exemplo
1371 3968 1485 4039 consi·

437 4076 559 4145 derato
582 4077 664 4167 jure
690 4080 911 4149 damnantur.
963 4080 1002 4151 Si
1029 4083 1249 4153 consuetudo
1278 4092 1364 4164 erat,
1392 4085 1485 4153 sicut

479 4359 494 4389 ⁰
510 4350 571 4405 Aru.
587 4351 636 4406 Er.
656 4359 685 4406 et
706 4351 801 4425 plures
822 4351 912 4409 MSS.
934 4354 963 4409 in
985 4357 1186 4412 consonatione
1207 4357 1330 4413 unitatis.
1375 4356 1487 4427 (Minus

438 4446 510 4503 bene
525 4455 554 4503 et
568 4447 624 4504 mei
638 4449 839 4505 conversatione
851 4449 982 4521 habent.)

479 4554 494 4597 Ρ
510 4544 543 4600 Iu
558 4543 648 4601 MSS.
658 4565 862 4621 processeram.
907 4548 1023 4618 (Itidem
1038 4551 1067 4605 in
1082 4550 1174 4620 meis.)
