3817 5692
740 691 1049 753 DISPU'PATIO.
1354 690 1418 757 189

376 864 559 934 Labdacus
578 863 722 932 Mithra
739 862 842 941 tilius,
863 862 1048 954 'arguebat
1071 883 1153 930 eum
1179 862 1363 942 mendacii,
1381 869 1419 930 et

374 990 448 1049 erat
470 981 520 1047 eis
543 978 700 1070 quotidie
723 978 880 1046 animosa
900 978 1128 1069 exaggeratio
1146 976 1190 1045 de
1216 976 1418 1066 hujusmodi

372 1094 526 1185 negotio.
579 1092 651 1162 Sed
669 1092 753 1182 quid
779 1090 903 1183 plura?
930 1090 1034 1160 Licet
1061 1090 1278 1183 frequentius
1302 1091 1419 1183 objur-

373 1220 525 1302 garetur,
542 1216 662 1277 tamen
685 1207 872 1276 nuntiabat
893 1208 952 1287 eis,
972 1230 1049 1297 quae
1075 1215 1158 1276 ante
1183 1206 1342 1276 seculum
1366 1228 1420 1276 es·

374 1333 462 1405 sent,
481 1331 518 1391 et
544 1322 588 1391 de
615 1321 760 1413 sphaera,
778 1330 834 1391 'et
852 1322 990 1391 duobus
1015 1321 1268 1401 luminaribus;
1293 1321 1354 1389 sed
1381 1329 1419 1390 et

375 1462 455 1529 quo,
472 1447 510 1506 et
527 1437 704 1528 quomodo
721 1437 846 1505 animae
864 1438 1056 1519 discedant,
1070 1446 1108 1505 et
1121 1435 1273 1527 qualiter
1288 1437 1419 1504 iterum

374 1560 596 1621 revertantur
612 1554 647 1620 in
666 1574 819 1642 corpora,
838 1561 875 1620 et
892 1549 962 1620 alia
978 1549 1093 1620 multa
1110 1550 1363 1642 hujuscemodi,
1381 1558 1420 1618 et

375 1668 501 1736 horum
520 1666 695 1756 nequiora,
714 1666 830 1746 idest,
849 1664 999 1734 'bellum
1019 1664 1097 1733 Deo
1111 1673 1329 1734 commotum
1344 1686 1420 1734 esse

376 1783 412 1849 in
437 1781 624 1872 principiis,
642 1791 682 1849 ut
704 1781 778 1872 ipse
801 1781 974 1872 propheta
990 1781 1204 1850 crederetur.
1257 1779 1326 1849 Pro
1344 1781 1421 1870 qui-

376 1896 441 1964 bus
471 1896 555 1964 dum
584 1905 799 1987 argueretur,
828 1896 871 1964 ad
901 1896 1043 1965 viduam
1073 1896 1247 1986 quandam
1278 1894 1421 1964 secessit

376 2031 457 2078 cum
483 2010 554 2078 suis
579 2019 731 2099 quatuor
756 2008 863 2091 libris,
888 2009 985 2079 nullo
1009 2009 1141 2079 ibidem
1167 2008 1337 2099 discipulo
1363 2031 1420 2078 ac-

375 2124 515 2213 quisito,
534 2131 660 2213 praeter
677 2146 783 2192 anum
802 2124 922 2206 solam,
940 2147 1018 2215 quae
1035 2126 1113 2216 ejus
1136 2125 1310 2215 particeps
1327 2123 1422 2193 facta

375 2245 439 2306 est.
491 2237 610 2307 aTunc
637 2238 764 2307 deinde
794 2261 897 2308 mane
926 2241 1040 2330 primo
1070 2239 1228 2308 ascendit
1254 2238 1420 2308 solarium

376 2354 553 2443 quoddam
570 2352 761 2433 excelsum,
779 2354 840 2422 ubi
862 2355 1006 2423 nomina
1023 2354 1182 2444 quaedam
1201 2355 1308 2445 coepit
1324 2354 1422 2421 iuvo-

376 2490 466 2548 care,
497 2490 577 2558 quae
611 2468 712 2537 nobis
741 2467 858 2537 Turbo
886 2467 979 2535 dixit
1005 2467 1097 2537 solos
1124 2476 1260 2558 septem
1288 2466 1421 2537 electos

376 2582 548 2651 didicisse.
600 2581 692 2650 Cum
719 2604 803 2674 ergo
821 2581 1034 2651 ascendisset
1060 2583 1149 2650 ritus
1173 2582 1292 2650 nescio
1309 2583 1421 2673 cujus,

375 2695 429 2765 vel
458 2696 595 2765 artificii
618 2696 749 2787 gratia;
778 2694 874 2764 solus
903 2680 1217 2776 autem'aseendit,
1244 2692 1311 2764 bne
1338 2695 1421 2766 inde

375 2813 420 2881 ab
437 2811 555 2903 aliquo
576 2811 736 2881 convinci
763 2820 889 2901 posset,
908 2812 1002 2901 quod
1028 2811 1057 2879 si
1083 2809 1346 2892 dissimulasset,
1365 2810 1421 2879 vel

376 2925 573 3017 pronihilo
596 2926 764 3004 duxisset,
782 2924 962 3016 cogitabat
988 2948 1025 2994 se
1048 2948 1070 2994 a
1091 2926 1182 2994 veris
1207 2925 1423 3017 principibus

377 3041 508 3131 epoenis
524 3061 600 3108 esse
618 3040 821 3109 subditum:
852 3039 926 3109 haec
944 3063 986 3109 eo
1005 3040 1193 3133 cogitante,
1205 3039 1422 3129 justissimus

418 3204 431 3234 ²
454 3194 526 3249 Cod.
542 3194 608 3249 Vat.
624 3204 651 3249 et
670 3194 702 3249 de
722 3194 823 3249 duodus
843 3194 996 3250 luminariis
1016 3196 1153 3269 mysteria.
1186 3194 1243 3251 Sed
1255 3202 1281 3250 et
1294 3195 1423 3269 quomodo

377 3292 471 3346 animae
485 3291 663 3345 discedebant.
699 3291 736 3346 Et
751 3309 827 3353 mox,
843 3290 1054 3347 revertebantur.

418 3398 433 3428 ⁸
456 3388 489 3443 ln
514 3387 611 3443 codice
633 3387 780 3443 Casinensi
805 3387 946 3452 scribitur,
967 3387 1068 3453 Nanc;
1090 3388 1140 3443 sed
1163 3387 1245 3451 lianc,
1268 3386 1422 3460 legendum

376 3501 438 3539 esse
452 3501 509 3538 non
524 3483 649 3557 ambigo.
674 3483 752 3555 (Hoc
766 3483 801 3538 de
812 3483 909 3539 electis
923 3483 1019 3539 retulit
1032 3484 1137 3547 Turbo,
1148 3485 1177 3539 in
1192 3502 1253 3557 cap.
1263 3501 1290 3538 x.
1302 3502 1328 3557 p.
1339 3481 1400 3554 64.)

417 3577 430 3612 l
452 3579 552 3635 Codex
575 3577 738 3634 casinensis
761 3578 857 3641 habat,
880 3580 993 3635 atinde
1015 3579 1049 3635 ab
1071 3579 1160 3653 nliqao
1185 3580 1306 3636 convinci
1325 3580 1421 3651 possit.

376 3675 543 3731 Contrarias
563 3685 658 3731 tamen
679 3693 788 3740 sensus,
803 3694 887 3748 quern
901 3676 1100 3750 expressimus,
1116 3676 1208 3732 verior
1222 3683 1283 3740 est:
1306 3695 1372 3732 nam
1393 3675 1423 3731 id

376 3772 428 3827 sibi
451 3772 511 3827 vult
534 3772 700 3836 Archelaus,
724 3771 870 3827 Menatem
894 3772 1122 3843 (Terebinthum)
1151 3774 1252 3837 solum,
1276 3774 1423 3849 cujusdam

376 3868 509 3940 praestigii
525 3886 619 3929 causa,
635 3867 767 3922 solarium
789 3868 960 3932 ascendisse,
976 3888 1011 3924 ne
1030 3888 1046 3924 a
1062 3870 1159 3933 Pareo,
1174 3880 1203 3926 et
1217 3870 1350 3926 Labdaco
1364 3870 1422 3925 Mi-

376 3963 448 4017 thrae
463 3961 656 4017 sacerdotibus
669 3962 698 4017 id
712 3963 805 4036 egisse
817 3963 1018 4037 deprehensus,
1033 3965 1143 4022 debitas
1163 3985 1261 4040 poenas
1275 3967 1424 4023 Persarum

377 4059 450 4133 Regi
471 4057 768 4132 persolveret-(iod.
793 4058 860 4116 Vat.
884 4062 1015 4130 ascendit,
1036 4071 1066 4118 ut
1092 4082 1125 4118 ne
1145 4062 1179 4118 ab
1204 4063 1305 4137 aliquo.
1349 4063 1424 4120 Cod.

376 4156 442 4212 Vat.
458 4155 555 4212 labem
568 4155 642 4211 male
655 4174 708 4230 pro
721 4173 738 4210 a
752 4157 831 4211 veris.
862 4156 963 4229 (Cous.
980 4157 1100 4233 Ecloqas
1119 4159 1331 4215 Ecclesiasticus
1351 4179 1368 4215 a
1388 4160 1424 4217 cl.

375 4253 511 4310 Cramero
532 4254 623 4310 editas
643 4272 671 4327 p.
686 4270 735 4329 93.
775 4252 876 4308 Malim
898 4272 962 4309 cum
985 4254 1082 4310 codice
1104 4254 1169 4311 Vat.
1193 4255 1324 4319 scribere,
1342 4264 1372 4313 nt
1392 4275 1425 4312 ne

376 4350 408 4405 ab
422 4350 521 4424 aliquo.
562 4351 600 4406 Et
613 4350 810 4405 dissimulasset
824 4351 996 4424 interpretor
1010 4351 1190 4424 necterisset.)

417 4457 429 4488 ⁶
452 4445 524 4501 cod.
540 4447 606 4502 Vat.
617 4448 704 4521 penis
717 4465 776 4502 csse
795 4446 966 4503 subdendum.
1001 4447 1072 4503 Hoec
1090 4448 1137 4503 illo
1159 4448 1303 4523 cogitante.
1338 4448 1425 4502 Paulo

418 4586 425 4608 ¹
445 4583 522 4654 [For.
537 4584 707 4658 arguebant]
763 4589 771 4613 ¹
789 4586 847 4658 [De
862 4604 959 4660 pugna
973 4586 1025 4641 Dei
1041 4596 1069 4641 et
1085 4585 1255 4659 Principum,
1268 4586 1424 4658 Ἀρχόντων,

378 4676 441 4732 vide
456 4696 540 4752 supra
555 4697 634 4752 capp.
651 4698 693 4734 vr.
709 4690 737 4736 et
750 4699 791 4737 xr.
827 4682 924 4738 Habes
938 4682 1024 4738 verba
1039 4684 1066 4737 in
1075 4684 1221 4758 principiis
1236 4701 1297 4756 cap.
1315 4682 1376 4754 aa]
