3817 5692
509 692 573 755 300
704 690 767 751 DE
792 684 1173 750 REBAPTISMATE
1199 681 1356 745 LIBER.

509 862 645 954 Spiritu
662 861 844 951 baptizari.
876 858 934 928 Ita
951 867 992 927 ut
1010 867 1047 927 et
1066 857 1102 926 hi
1120 878 1261 949 quoque
1278 877 1349 924 non
1368 854 1559 922 rideantur

507 965 625 1048 minus
654 976 786 1067 aliquid
817 975 959 1057 habere,
985 995 1090 1065 quam
1122 971 1174 1040 illl
1204 971 1263 1062 qui
1294 968 1441 1062 perlecti
1472 978 1555 1037 sunt

508 1092 720 1174 Christiani3
748 1084 831 1160 ¹nec
856 1111 999 1160 necesse
1021 1090 1067 1158 sit
1092 1088 1211 1180 quaeri,
1229 1085 1333 1177 quale
1358 1085 1447 1154 illud
1470 1085 1556 1175 bap-

507 1210 612 1278 tisme
638 1207 745 1278 fuerit
771 1206 864 1297 quod
891 1207 927 1274 in
954 1205 1098 1274 nomine
1114 1200 1202 1273 Jesn
1220 1201 1351 1271 Christi
1372 1210 1455 1270 sunt
1470 1221 1555 1269 con-

506 1323 629 1394 secuti.
683 1320 763 1390 Nisi
782 1321 874 1391 forte
897 1321 934 1390 in
956 1319 1018 1389 illo
1035 1315 1175 1411 quoque
1193 1318 1371 1410 superiore
1388 1323 1552 1396 tractatu,

508 1439 600 1508 circa
629 1460 688 1507 eos
714 1438 774 1529 qui
804 1436 1052 1505 tantummodo
1077 1436 1114 1503 in
1139 1435 1283 1504 nomine
1308 1431 1439 1503 Christi
1464 1430 1553 1501 Jesu

508 1553 678 1645 baptizati
709 1553 852 1634 fuerint,
878 1560 1013 1621 statuas
1026 1543 1146 1621 ¹etium
1172 1550 1247 1619 sine
1272 1550 1407 1641 Spiritu
1432 1555 1554 1617 sancto

508 1691 609 1761 posse
635 1667 748 1739 salvos
770 1668 856 1749 lieri,
876 1671 955 1736 'aut
980 1689 1051 1734 non
1077 1665 1142 1736 hec
1169 1664 1243 1735 sola
1268 1666 1413 1743 ratione,
1437 1663 1498 1732 sed
1524 1662 1554 1731 si

508 1808 572 1877 per
595 1806 720 1854 manus
742 1782 1004 1873 impositionem
1026 1781 1180 1873 episcopi
1197 1781 1368 1872 Spiritum
1391 1786 1554 1848 sanctum

508 1923 695 1971 consuesse
721 1898 898 1991 praestsri;
923 1906 985 1966 aut
1012 1898 1120 1966 etiam
1143 1918 1214 1964 non
1237 1897 1439 1988 episcopum
1458 1894 1555 1962 dicus

508 2013 680 2107 Spiritum
703 2023 864 2083 sanctum
883 2011 1018 2082 ³solum
1040 2033 1116 2081 esse
1136 2010 1264 2104 largiri.
1315 2009 1420 2093 Quod
1446 2010 1474 2077 si
1502 2008 1555 2077 ita

398 2208 401 2212 ,
507 2141 572 2211 est,
599 2143 637 2201 et
663 2138 780 2221 potest
809 2128 941 2220 aliquid
968 2129 1094 2198 horum
1120 2128 1285 2197 eveniens
1314 2125 1465 2195 salutem
1491 2124 1556 2194 ho·

507 2245 594 2314 mini
618 2245 774 2314 credenti
802 2267 873 2313 non
898 2245 1097 2336 praeripere,
1115 2252 1155 2312 tu
1174 2264 1314 2334 quoque
1337 2242 1412 2333 ipse
1429 2241 1556 2310 annuis

506 2361 691 2452 ⁴qu0nicm
725 2361 832 2430 modo
863 2360 1097 2436 dimidiatum,
1127 2369 1165 2427 et
1198 2381 1269 2426 non
1299 2367 1340 2426 ut
1369 2356 1558 2426 contendis

506 2488 791 2547 consummatum
819 2476 1027 2569 mysterium
1052 2475 1145 2555 fidei,
1172 2477 1259 2566 ⁵que
1284 2474 1473 2543 necessitas
1501 2474 1556 2542 in-

547 2632 556 2655 ¹
570 2644 623 2682 nec
637 2643 753 2682 necesse
766 2624 817 2699 sit]
837 2623 974 2698 Reposuit
987 2641 1034 2679 nec
1052 2641 1105 2698 pro
1119 2642 1153 2679 ne
1166 2622 1308 2687 Buluzius,
1323 2620 1501 2696 improbante
1515 2620 1555 2679 id.

509 2723 670 2780 Gellsndio.

553 2824 621 2875 'aut
635 2837 692 2874 non
706 2817 761 2873 hee
775 2815 1101 2891 sola—impositionem]
1126 2816 1238 2890 Aliquid
1251 2817 1298 2874 hic
1312 2817 1410 2875 deesse
1423 2816 1556 2873 videtur:

507 2916 562 2974 nisi
586 2924 676 2972 totam
702 2915 857 2971 clausulam
881 2914 921 2969 sic
946 2914 1169 2971 constituemus:
1204 2915 1285 2971 Circo
1305 2915 1416 2990 eosqui
1436 2922 1555 2971 tantum·

508 3012 584 3068 modo
603 3014 631 3069 in
652 3013 756 3069 nomine
775 3011 881 3068 Christi
894 3010 962 3069 Jesu
984 3012 1115 3085 baptizati
1125 3012 1253 3085 fierint,¹
1267 3021 1375 3068 statuas
1395 3012 1475 3068 etiam
1496 3012 1557 3069 sine

510 3109 618 3184 Spiritu
633 3110 733 3165 Sancto
748 3127 831 3183 posse
843 3107 935 3164 salvos
942 3109 1011 3182 fieri
1019 3130 1028 3163 .·
1050 3117 1106 3172 ant,
1121 3127 1174 3164 non
1194 3108 1245 3165 doc
1264 3111 1324 3165 solo
1338 3110 1453 3172 ratione,
1467 3107 1556 3165 sedet

501 3225 556 3281 per
568 3224 662 3262 manns
676 3206 871 3281 impositionem
884 3205 1011 3280 episcopi,
1026 3205 1160 3280 Spiritum
1182 3214 1303 3262 sunctum
1323 3223 1463 3263 consuesse
1477 3222 1556 3280 prae-

506 3304 579 3358 steni
589 3327 599 3359 :
621 3303 770 3359 autetiam
790 3320 842 3358 non
863 3303 1017 3377 episcopum
1030 3302 1116 3366 dicus,
1132 3301 1267 3378 Spiritum
1282 3303 1409 3360 Sanctum
1423 3321 1482 3359 esse
1495 3303 1555 3358 lar-

505 3400 571 3474 piri.
602 3398 712 3464 Solum,
727 3399 782 3455 hoc
796 3406 850 3464 est,
866 3399 926 3455 sine
941 3417 1023 3472 aque,
1039 3398 1100 3456 sine
1114 3400 1264 3475 baptismo.
1293 3400 1364 3457 Esse
1378 3400 1484 3476 largiri,
1498 3399 1558 3457 hoc

508 3505 562 3564 est,
577 3494 716 3570 Spiritum
732 3504 861 3552 sunctum
875 3496 943 3553 dare
957 3514 1042 3569 posse
1056 3497 1141 3553 etism
1158 3516 1216 3553 non
1230 3497 1403 3573 episcopum.
1424 3497 1558 3553 videlicet

508 3593 629 3667 aliquem
644 3592 679 3648 de
694 3592 805 3649 minore
816 3593 902 3649 clero.
916 3592 962 3649 vel
973 3591 1008 3648 de
1023 3592 1057 3649 iis
1071 3592 1118 3667 qui
1133 3602 1199 3650 sunt
1210 3594 1333 3650 minores
1343 3593 1460 3651 clericis.
1483 3593 1558 3650 Haec

508 3691 688 3772 Rrosnrrus.
727 3691 862 3767 Legerim
877 3709 941 3765 ego,
957 3699 986 3746 at
1004 3708 1056 3747 non
1073 3690 1124 3747 icc
1137 3690 1196 3748 solo
1210 3692 1325 3758 ratione,
1339 3692 1388 3749 sed
1398 3692 1427 3747 si
1439 3691 1559 3749 addatur

503 3806 559 3868 per
572 3788 625 3844 dic.

549 3888 558 3918 ¹
573 3882 679 3955 solum]
698 3881 763 3938 For.
778 3902 830 3957 pro
843 3884 929 3939 solun
942 3883 1052 3940 solitum
1065 3893 1110 3940 est
1124 3884 1327 3958 reponendum.

549 3978 706 4053 ⁴quoniem
728 3980 814 4036 modo
835 3980 1026 4053 dimidiatum]
1047 3981 1128 4038 Idem
1142 3982 1186 4038 vir
1199 3982 1325 4039 eruditus
1343 3991 1441 4039 censet
1459 3982 1560 4056 legen-

510 4074 577 4130 dum
592 4092 654 4130 esse
664 4092 716 4130 non
730 4076 807 4130 modo
820 4076 988 4133 dimidiatum
1002 4086 1032 4134 nt
1046 4079 1182 4134 contendis
1191 4079 1239 4135 sed
1252 4087 1449 4135 consummatur
1459 4086 1560 4152 myste-

511 4175 580 4227 rium
593 4172 670 4245 fidei.
693 4171 807 4227 Bsnuz.
849 4173 918 4229 Non
940 4175 1089 4232 assentior.
1127 4175 1292 4232 Gellandius
1311 4176 1424 4249 quidem
1443 4175 1563 4249 conjicit

512 4268 692 4325 scribendum
713 4287 775 4326 esse
789 4288 902 4344 quonam
917 4271 1011 4328 modo.
1055 4271 1157 4328 Malim
1175 4292 1230 4348 ego
1245 4273 1358 4347 quodum
1371 4275 1458 4329 modo.
1490 4272 1562 4327 Vid.

513 4385 598 4440 supra
611 4385 676 4441 psg.
693 4380 761 4441 297.
777 4366 796 4422 l.
812 4385 857 4423 20.

555 4467 633 4536 ⁵qun
657 4463 810 4520 necessitas
834 4464 1001 4538 intervenit]
1029 4467 1165 4523 Peculiari
1187 4468 1363 4524 necessitatis
1386 4466 1562 4531 causatione,

514 4560 595 4632 cujus
616 4562 745 4636 exempla
766 4562 977 4620 observavimus
998 4564 1074 4638 apud
1093 4564 1202 4621 Tertul.
1222 4573 1250 4622 et
1269 4564 1357 4641 Cypr.
1380 4564 1563 4622 Rvosnrrus.

515 4656 701 4715 scribendum
716 4660 778 4735 quia
791 4679 843 4735 pro
857 4679 909 4735 quc
923 4660 1042 4718 ridetur.
