3817 5692
412 690 478 751 320
609 687 674 749 DE
698 686 1082 750 REBAPTISMATE
1107 686 1266 749 LIBER.

413 862 544 953 duplex
563 861 785 931 salutiferum
802 870 909 952 atque
932 861 1164 930 honorificum
1181 862 1359 953 baptisma
1375 884 1467 953 prae·

413 986 543 1057 staret;
570 985 607 1045 et
635 977 696 1045 viae
720 978 878 1067 quaedam
904 976 1009 1046 unius
1035 976 1255 1068 baptismatis
1281 978 1334 1046 sic
1360 978 1466 1048 nobis

413 1092 632 1183 patefierent,
649 1102 690 1161 ut
710 1091 898 1184 aliquando
922 1094 1067 1183 impune
1092 1091 1210 1183 aliqua
1234 1092 1376 1162 illarum
1403 1094 1466 1164 de-

413 1216 516 1287 esset,
544 1208 636 1277 sicut
662 1208 697 1276 in
725 1207 871 1276 verbum
898 1207 1124 1277 audientibus
1152 1208 1366 1299 martyribus
1397 1208 1465 1277 im-

412 1345 506 1414 pune
523 1345 622 1413 aquae
640 1322 815 1414 baptisma
832 1323 951 1404 deest3
978 1344 1066 1412 quos
1086 1330 1206 1389 tamen
1223 1322 1309 1390 certi
1328 1343 1463 1403 sumus,

414 1438 460 1506 ¹si
477 1438 562 1528 quid
581 1435 775 1506 laxamenti
792 1436 957 1519 habeant,
970 1437 1080 1507 etiam
1097 1460 1188 1527 aqua
1204 1435 1327 1506 solitos
1345 1437 1465 1527 bapti·

413 1554 496 1622 nari.
549 1552 715 1642 Itemque
741 1549 810 1620 illis
828 1554 904 1641 'qui
923 1552 1073 1644 legitimi
1092 1562 1175 1621 sunt
1191 1551 1314 1621 fideles
1331 1551 1463 1633 effecti,

414 1669 559 1761 impune
581 1668 680 1737 deest
703 1668 877 1758 baptisma
902 1668 1081 1759 sanguinis
1098 1667 1247 1759 proprii3
1274 1669 1358 1758 quia
1374 1667 1464 1759 bap·

358 1817 368 1827 ·
414 1786 512 1853 tizati
537 1784 573 1852 in
595 1784 737 1851 nomine
755 1778 885 1851 Christi
907 1784 1081 1874 redempti
1102 1792 1185 1852 sunt
1208 1784 1463 1875 pretiosissimo

413 1899 583 1990 sanguine
609 1898 764 1978 Domini,
786 1920 868 1967 cum
896 1907 1046 1988 utraque
1075 1897 1148 1967 haee
1177 1920 1224 1966 ex
1250 1921 1322 1968 uno
1352 1908 1464 1989 atque

413 2014 540 2081 eodem
571 2012 668 2081 fonte
699 2013 890 2103 procedant
917 2011 1062 2081 flumina
1088 2012 1308 2103 baptismatis
1335 2011 1465 2081 Domi-

414 2128 493 2207 nici,
512 2136 554 2195 ut
579 2127 693 2195 omnis
719 2128 779 2218 qui
806 2128 883 2196 sitit
904 2130 1024 2197 veniat
1046 2137 1083 2197 et
1106 2129 1214 2209 bibat,
1232 2130 1323 2197 sicut
1340 2126 1463 2219 Scrip-

319 2260 377 2308 .··.
415 2251 493 2310 tura
521 2242 618 2321 dicit,
646 2239 814 2310 Flumine
845 2241 886 2311 de
912 2251 1026 2311 ventre
1054 2243 1125 2335 ejus
1154 2239 1333 2313 currebant
1360 2265 1464 2335 oqaae

413 2355 508 2425 ciece.
562 2354 651 2438 Quae
668 2355 815 2426 flumina
832 2360 985 2448 primum
1002 2367 1240 2449 apparuerunt
1256 2360 1293 2427 in
1311 2357 1462 2428 Domini

414 2471 581 2563 passione,
598 2495 679 2541 cum
698 2474 742 2541 de
760 2472 869 2542 latere
886 2474 1064 2564 perforato
1082 2472 1204 2544 lancea
1220 2474 1364 2545 militari
1382 2497 1464 2544 san-

412 2588 492 2679 guis
515 2597 553 2658 et
576 2612 668 2680 aqua
692 2590 868 2670 manavit3
898 2597 938 2657 ut
956 2590 1138 2660 emitteret
1156 2591 1225 2659 duo
1242 2588 1391 2660 flumina
1409 2591 1464 2659 di·

414 2727 523 2774 versae
541 2705 669 2796 speciei
687 2705 748 2773 sed
766 2713 887 2773 tamen
902 2706 1077 2797 ³ejusdem
1101 2729 1142 2775 ac
1164 2705 1340 2799 singulare
1356 2705 1462 2790 latus,

411 2820 462 2888 ita
488 2829 528 2888 ut
554 2819 743 2911 impleatur
761 2819 896 2910 Spiritu
922 2832 1045 2891 saneto
1070 2823 1284 2913 quicumque
1310 2823 1462 2893 credens

411 2934 539 3003 biberit
565 2958 611 3003 ex
637 2945 787 3025 utroque
809 2934 965 3004 flumine.
1020 2936 1107 3005 llaec
1128 2939 1223 3006 enim
1242 2936 1286 3007 de
1304 2937 1463 3007 flumini-

410 3047 475 3118 bus
497 3048 550 3118 his
575 3048 722 3140 loquens
743 3050 953 3120 ostendebat
972 3050 1145 3121 Dominus
1163 3051 1361 3144 significans
1379 3051 1463 3145 Spi-

409 3165 516 3233 ritum
541 3176 701 3234 sanctum
729 3187 834 3255 quem
861 3168 1039 3257 accepturi
1064 3176 1181 3237 essent
1203 3165 1262 3258 qui
1289 3169 1460 3238 credituri

412 3289 513 3351 erant
544 3281 580 3348 in
609 3279 732 3364 illum;
758 3280 927 3351 ⁴iteradum
953 3290 1064 3351 antem
1090 3292 1165 3352 erat
1180 3280 1350 3375 Spiritus,
1374 3283 1462 3376 quio

454 3571 499 3625 ¹si
519 3571 585 3644 quid
604 3571 757 3627 laxamenti
779 3571 915 3646 habeant]
943 3572 975 3630 Si
999 3575 1152 3631 necessitas
1174 3573 1343 3630 discriminis
1363 3574 1459 3631 immi-

413 3668 505 3722 nentis
519 3667 623 3740 aliquid
638 3668 783 3732 laxaverit,
799 3669 903 3743 aliquid
922 3671 1058 3744 temporis
1076 3671 1232 3734 indulserit,
1247 3670 1322 3744 quod
1337 3669 1461 3745 Cypria-

412 3781 465 3817 nus
480 3772 556 3819 emat
570 3764 672 3827 dicere,
688 3775 868 3831 commeatum,
884 3776 912 3823 et
929 3786 1037 3823 moram
1056 3767 1084 3822 in
1104 3768 1198 3824 seculo
1213 3769 1349 3841 tantisper
1364 3767 1462 3825 adhuc

410 3859 551 3914 manendi.
574 3859 698 3915 Rrenar.

451 3955 521 4027 'qui
542 3955 662 4028 legitimi
684 3966 750 4012 sunt
775 3957 872 4014 fideles
894 3959 1001 4031 effecti]
1027 3959 1204 4032 Baptismate
1223 3960 1252 4015 in
1270 3959 1390 4016 ecclesia
1404 3959 1461 4016 rite

408 4060 549 4124 suscepto.
573 4052 698 4107 Rreaar.
741 4055 786 4108 An
802 4073 853 4127 pro
868 4054 983 4128 lepitimi
996 4054 1114 4128 [epitime
1128 4055 1307 4113 scribendum
1321 4056 1387 4112 est?

448 4148 612 4221 ⁵ejusdem]
630 4149 694 4204 For.
710 4151 788 4205 idem.

448 4254 458 4279 ⁴
471 4246 584 4300 nondam
599 4254 686 4301 cutem
700 4256 759 4302 erat
775 4248 911 4323 Spiritus]
935 4251 969 4305 ln
985 4250 1141 4325 Evangelio
1154 4250 1273 4307 ioannis
1287 4252 1316 4306 in
1330 4251 1460 4311 editione

408 4340 526 4416 vulgata
549 4342 654 4416 legitur
669 4344 789 4417 Spiritus
810 4347 898 4402 dctus.
942 4346 1001 4404 Sed
1025 4348 1099 4405 hanc
1123 4349 1251 4404 ultimam
1274 4366 1371 4404 vocem
1398 4368 1462 4407 non

408 4447 505 4494 extare
527 4440 556 4494 in
578 4440 680 4496 Graeco
702 4448 731 4497 et
752 4441 1021 4517 subintelligendam
1043 4463 1106 4501 esse
1123 4445 1183 4518 jam
1209 4451 1379 4500 monuerunt
1403 4445 1460 4501 viri

408 4532 492 4589 docti.
535 4536 713 4611 Quamquam
736 4549 803 4595 sunt
824 4540 907 4614 aliqui
930 4541 978 4614 qui
999 4550 1099 4615 putant
1116 4542 1192 4598 illam
1207 4560 1270 4599 esse
1283 4561 1342 4598 uon
1356 4560 1459 4599 neces·

408 4629 518 4685 sarium.
544 4633 656 4690 Baauz.
