3817 5692
798 706 1107 771 DISPUTATIO.
1434 708 1476 767 55

425 885 497 958 τῶν
530 878 648 958 κάδων
680 884 752 956 τῶν
785 884 927 983 ψυχῶν,
962 878 1065 982 ἄχρις
1099 877 1140 955 οὗ
1173 874 1215 954 τὸ
1249 876 1336 954 ἴδιον
1369 877 1477 955 αὑτοῦ

425 1006 531 1108 μέρος
567 1005 683 1084 σώσει
720 1009 804 1103 ’τῆς
841 1009 976 1110 ψυχῆς.
1031 1008 1095 1102 τῆς
1131 1003 1203 1105 γὰρ
1239 1011 1302 1081 τοῦ
1339 1006 1477 1103 ἀγαθοῦ

427 1128 573 1231 Πατρὸς
600 1129 726 1212 οὐσίας
752 1136 878 1208 πᾶσαν
908 1127 1046 1234 ψυχὴν,
1079 1132 1137 1208 καὶ
1166 1135 1240 1208 πᾶν
1273 1127 1478 1226 κινούμενον

426 1257 515 1359 ζῶον
532 1254 691 1359 μετέχειν
709 1254 815 1356 λέγει.
853 1259 916 1353 τῆς
946 1256 1009 1333 οὖν
1036 1252 1192 1353 σελήνης
1220 1253 1478 1353 μεταδιδούοης

425 1379 490 1462 τὸν
507 1380 621 1483 γόμον
639 1387 712 1460 τῶν
729 1386 862 1486 ψυχῶν
879 1389 954 1465 τοῖς
972 1387 1079 1459 αὶῶσι
1096 1389 1160 1459 τοῦ
1181 1379 1335 1482 Πατρὸς,
1354 1414 1475 1482 παρα-

426 1508 594 1604 μένουσιν
612 1510 650 1586 ἐν
667 1512 718 1613 τῷ
742 1506 869 1614 στύλερ
894 1512 959 1605 τῆς
986 1506 1105 1613 δόξης,
1125 1505 1164 1590 ὃς
1188 1513 1348 1585 καλεῖται
1369 1504 1438 1607 ἀὴρ
1457 1508 1477 1585 ὁ

426 1634 569 1716 τέλειος.
612 1636 632 1712 ὁ
661 1633 700 1711 δὲ
727 1631 796 1733 ἀὴρ
822 1633 925 1717 οὗτος
951 1632 1088 1716 στύλος
1111 1635 1190 1710 ἐστὶ
1209 1630 1338 1736 φωτὸς,
1358 1630 1477 1730 ἐπειδὴ

426 1760 525 1860 γέμει
543 1765 675 1864 ψυχῶν
689 1765 762 1838 τῶν
780 1758 1074 1861 καθαριζομένων.
1106 1760 1195 1856 αὕτη
1213 1760 1314 1836 ἐστὶν
1331 1758 1354 1855 ἡ
1373 1758 1477 1854 αἰτία,

426 1888 469 1965 δι’
489 1886 530 1985 ἧς
549 1893 585 1965 αἱ
608 1889 725 1992 ψυχαὶ
752 1884 938 1987 σώζονται.
979 1888 1001 1985 ἡ
1029 1883 1068 1964 δέ
1095 1892 1159 1964 τοῦ
1186 1887 1377 1964 ἀποθανεῖν
1395 1882 1478 1967 τοὺς

427 2012 636 2112 ἀνθρώπους
672 2014 751 2090 ἐστὶ
784 2010 896 2091 πάλιν
928 2013 1028 2111 αὕτη·
1071 2012 1247 2114 παρθένος
1280 2044 1334 2094 τις
1365 2013 1477 2113 ὡραῖα

427 2140 684 2239 κεκοσμημενη,
698 2137 830 2239 πιθανὴ
848 2137 954 2235 πάνυ,
968 2145 1089 2245 συλᾷν
1107 2142 1274 2243 ἐπιχειρεῖ
1288 2136 1473 2239 τοὺςἈρ·

426 2351 518 2408 vata:
535 2353 568 2409 et
579 2344 709 2410 ¹iterum
721 2345 833 2432 repleri
844 2368 927 2431 oym·
978 2369 1111 2425 mamm,
1154 2347 1266 2412 seculis
1307 2347 1477 2412 tradiderit

427 2430 513 2507 bam,
543 2437 577 2494 et
608 2453 718 2495 rursus
750 2432 927 2510 exonerari,
979 2432 1098 2508 Patris,
1127 2439 1314 2517 permanent
1339 2433 1414 2497 tillae
1444 2432 1477 2495 in

427 2514 503 2578 dum
523 2515 715 2581 hauriuntur
739 2540 797 2602 per
818 2539 928 2581 ureeos
978 2518 1124 2582 eolnmna
1144 2518 1265 2602 gloriae,
1280 2519 1364 2602 quod
1386 2539 1477 2581 voea-

426 2599 549 2677 unimae‚
596 2623 756 2687 usquequo
803 2610 928 2687 purtem
979 2609 1033 2667 tur
1048 2602 1128 2665 uVir
1143 2604 1311 2686 perfectus.
1345 2602 1407 2665 Hie
1422 2624 1477 2666 au·

427 2706 516 2748 suam
537 2686 697 2770 propriam
715 2687 829 2752 liberet
843 2688 927 2752 ‘ani
978 2695 1044 2751 tem
1064 2687 1120 2749 Vir
1142 2694 1192 2752 est
1213 2688 1359 2751 oolumna
1381 2687 1476 2750 lueis:

426 2790 562 2834 marum.
608 2773 660 2835 De
677 2773 858 2837 substantia
872 2794 927 2837 au·
978 2773 1101 2856 repleta
1120 2780 1170 2837 est
1189 2772 1273 2836 enim
1288 2773 1478 2835 mundarum

426 2862 493 2920 tem
507 2856 583 2919 boni
597 2857 706 2922 Patris
721 2879 846 2924 omnem
860 2859 927 2924 ani-
976 2858 1166 2936 animarum,
1181 2865 1216 2922 et
1235 2857 1303 2923 haec
1317 2865 1367 2921 eat
1381 2878 1478 2921 eausa

427 2962 521 3018 mam,
548 2947 647 3026 atque
676 2965 769 3007 omne
798 2943 925 3021 animal,
977 2943 1089 3008 salutis
1125 2943 1323 3015 animarum
1365 2941 1478 3005 mortis

427 3027 511 3110 quod
537 3035 838 3113 movetur,.partem
861 3038 927 3094 tra·
977 3051 1052 3093 vero
1081 3051 1179 3094 eausa
1214 3027 1393 3092 hominibus
1428 3033 1477 3091 est

426 3110 501 3176 here
515 3113 692 3178 oonfimtat.
734 3115 814 3181 Cum
828 3114 927 3200 igitur
978 3114 1049 3179 ista.
1088 3115 1186 3199 Virgo
1201 3115 1346 3198 quaedunr
1361 3114 1478 3176 deeora

426 3195 502 3263 luna
522 3220 611 3276 onus,
634 3200 719 3284 quod
740 3200 834 3284 gerit,
857 3200 924 3264 ani-
976 3208 1009 3264 et
1035 3208 1199 3278 exornata,
1226 3200 1354 3284 elegans
1375 3198 1476 3274 valde,

427 3383 602 3441 restituimus
623 3403 657 3441 ex
679 3384 776 3442 codice
796 3385 940 3449 Bobiensi,
961 3386 990 3441 in
1011 3405 1068 3460 quo
1090 3389 1242 3463 οροονιιιίιι,
1262 3394 1339 3442 recte
1363 3384 1476 3460 legitur,

426 3480 493 3538 lieet
507 3481 536 3538 in
551 3480 612 3537 uliis
626 3481 673 3537 hie
686 3481 936 3556 depravatissimus
950 3484 1063 3541 existat.
1091 3484 1264 3557 ’Δπόκρουοιν
1278 3491 1372 3539 autem
1388 3483 1476 3539 Alex·

428 3577 517 3634 andro
534 3578 763 3653 Aphrodisiensi,
788 3588 817 3636 et
836 3580 979 3637 'lhalliano
1005 3581 1107 3638 dicitur
1131 3582 1223 3639 faeere
1244 3580 1321 3645 lune,
1340 3598 1404 3635 cum
1427 3579 1477 3635 de-

428 3674 538 3741 crescit,
554 3693 603 3733 seu
617 3676 749 3742 senescit,
765 3686 796 3734 ut
810 3686 910 3735 notum
925 3686 978 3735 est.

468 3779 481 3809 r
501 3769 676 3843 Epiphanius
691 3769 769 3834 οὕτω,
784 3779 810 3826 et
824 3771 863 3826 ita
877 3771 988 3846 repleri.

469 3876 481 3907 ⁸
502 3866 583 3924 Idem
606 3867 791 3941 Epiphanius,
811 3871 856 3937 τῆς
877 3871 977 3941 ψυχῆς,
997 3872 1108 3935 unimae;
1131 3868 1181 3925 sed
1203 3886 1238 3923 ex
1263 3867 1348 3941 hujus
1370 3864 1477 3939 antiqui

427 3963 589 4038 interpretis
604 3965 733 4021 versione
747 3965 832 4022 debet
846 3966 1000 4022 emendari.
1483 3953 1486 3959 ¹

468 4059 481 4101 t
501 4059 669 4135 Legendum
686 4060 748 4125 ittae,
762 4060 818 4117 hoe
839 4070 892 4126 est,
908 4061 1009 4118 animae
1030 4081 1067 4119 ex
1083 4059 1255 4136 Epiphanio,
1270 4060 1336 4116 lieet
1358 4069 1476 4133 uterque

427 4157 518 4213 codex
532 4157 644 4221 habeat,
659 4158 718 4214 illo.

467 4262 484 4294 ‘¹
505 4253 681 4328 Epiphanius
708 4254 805 4319 habet,
829 4256 890 4311 Atr
908 4256 1060 4331 perfectus,
1085 4255 1161 4312 unde
1188 4254 1332 4330 colligitur
1358 4253 1477 4310 latinum

427 4349 510 4426 hujus
525 4351 620 4425 operis
634 4352 779 4427 exemplar
793 4371 809 4408 e
822 4370 918 4427 graeco
932 4370 1097 4428 expressum
1112 4370 1185 4418 esse,
1200 4360 1229 4408 et
1250 4350 1323 4407 male
1338 4350 1476 4423 interpre-

427 4455 484 4504 tem
498 4449 611 4524 legisse‚
626 4450 690 4523 ἀνὴρ
710 4467 761 4524 pro
776 4449 841 4522 ἀήρι
866 4450 1034 4506 vertendum
1056 4458 1150 4507 eutem
1172 4467 1244 4512 esse,
1259 4448 1319 4503 Aer
1327 4446 1477 4521 perfectus.

425 4544 486 4601 Aer
499 4556 587 4601 αοιειιι
605 4544 658 4610 hic,
673 4546 723 4602 &e
743 4554 775 4602 ut
796 4564 890 4621 graeea
910 4564 975 4602 curn
1000 4546 1096 4603 latinis
1122 4544 1302 4610 conveniant,
1325 4548 1354 4597 et
1378 4538 1478 4612 aliquis

426 4641 491 4700 inde
506 4662 607 4701 sensus
621 4652 745 4701 eruatur.
