3817 5692
739 706 1049 768 DISPU'PATIO.
1354 705 1414 766 121

367 882 465 964 illud,
484 880 578 973 quod
604 881 773 971 scriptum
801 888 865 959 est,
890 875 1096 948 tDorninum
1123 899 1221 948 nanzo
1247 875 1334 947 vidit
1354 900 1417 947 rarr-

368 1018 481 1089 quom‚
503 993 575 1064 eriri
597 993 793 1089 arrigendae
807 991 920 1086 filins,
943 993 1004 1086 qni
1029 1001 1077 1062 cst
1104 992 1142 1061 in
1167 993 1247 1061 sinu
1264 988 1416 1062 Patres&

368 1109 552 1201 1¹Reliqua
569 1131 653 1201 ergo
671 1131 793 1178 omnes
815 1118 984 1179 creaturae
1002 1107 1157 1177 visibiles
1183 1108 1253 1179 sint
1274 1129 1417 1178 neeesse

368 1235 433 1306 est,
451 1225 587 1305 caelum,
605 1234 709 1307 terra,
732 1247 839 1308 mare,
856 1223 1029 1307 homiues,
1050 1223 1177 1317 angeli,
1197 1223 1417 1316 archangeli:

370 1339 469 1410 Deus
496 1364 588 1423 vero,
614 1363 695 1411 cum
724 1363 745 1410 a
771 1339 869 1410 nullo
892 1362 1045 1431 unquam
1073 1341 1167 1409 visus
1194 1340 1251 1420 sit,
1275 1339 1361 1430 quid
1384 1339 1418 1410 ei

370 1464 489 1547 potest
514 1479 559 1526 ex
589 1457 668 1526 istis
693 1457 862 1526 creaturis
887 1476 963 1525 esse
988 1454 1224 1525 homousion?
1251 1453 1359 1525 Unde
1382 1462 1420 1524 et

371 1570 508 1663 singula
533 1593 682 1663 quaeque
706 1569 901 1641 secundum
926 1570 1086 1639 ordinem
1114 1591 1215 1639 suum
1242 1570 1418 1661 propriam

371 1685 520 1756 dicimus
541 1685 671 1755 habere
695 1684 938 1756 substantiam.
989 1682 1044 1753 Tu
1062 1705 1144 1753 vero
1162 1706 1207 1754 ex
1227 1707 1296 1753 uno
1314 1706 1420 1754 omne

370 1801 511 1885 animal,
529 1803 623 1894 quod
649 1809 822 1883 movetur,
849 1800 984 1870 factum
1006 1799 1104 1881 dicis,
1125 1808 1163 1869 et
1188 1801 1419 1871 substantiam

370 1941 393 1988 a
410 1917 490 1989 Deo
506 1920 682 2010 accepisse
700 1918 787 1988 dicis
811 1916 973 1998 similem,
992 1925 1030 1986 et
1048 1939 1149 2008 posse
1167 1939 1246 1986 eam
1264 1939 1420 2009 peccare,

371 2044 479 2126 atque
504 2035 548 2105 ad
568 2035 743 2126 judicium
763 2034 903 2115 venire3
929 2042 968 2102 et
985 2054 1068 2102 eum
1091 2055 1163 2102 non
1187 2033 1240 2103 vis
1266 2034 1421 2125 recipere

372 2174 570 2222 sermonem
598 2151 787 2231 dicentem,
816 2148 1008 2218 Diabolum
1038 2149 1204 2242 angelum
1236 2150 1354 2233 misse,
1384 2160 1422 2220 et

372 2267 409 2335 in
426 2266 709 2357 praevaricatione
727 2263 907 2343 decidisse,
926 2271 965 2333 et
981 2286 1051 2333 uon
1070 2286 1146 2335 esse
1163 2266 1320 2356 ejusdem
1339 2287 1421 2334 cnm

374 2378 454 2451 Deo
480 2380 704 2460 substantiam
730 2378 933 2448 interimere
965 2378 1072 2449 debes
1093 2379 1220 2471 judicii
1251 2380 1422 2461 ’‘ratione,

373 2506 415 2566 ut
432 2496 510 2587 quis
526 2504 687 2566 nostrum
706 2492 807 2564 fallat
824 2503 1001 2586 appareat.
1045 2493 1084 2564 Si
1102 2496 1197 2565 enim
1216 2519 1288 2565 non
1305 2504 1423 2588 potest

374 2613 434 2704 qui
452 2635 474 2683 a
490 2611 569 2681 Deo
593 2619 732 2680 oreatus
752 2618 808 2679 est
830 2609 986 2702 angelus,
1004 2611 1041 2679 in
1064 2611 1338 2703 transgressione
1361 2614 1423 2682 de-

375 2730 501 2809 cidere,
518 2726 696 2819 quomodo
713 2733 831 2816 potest
848 2747 928 2816 pars
950 2724 1021 2794 Dei
1047 2725 1165 2795 anima
1184 2727 1357 2817 peecare?
1383 2725 1423 2798 Si

376 2865 458 2912 vero
478 2841 651 2933 judicium
679 2862 754 2909 esse
785 2838 871 2908 diois
898 2841 1124 2930 peccantium
1151 2842 1357 2923 animamm,
1387 2852 1424 2912 et

417 2992 427 3031 2
442 2988 527 3043 Hunc
540 2986 634 3043 locum
649 2986 750 3042 iisdem
763 2984 857 3041 verbis
871 2984 969 3041 laudat
983 2986 1108 3043 irenaeus
1123 2986 1187 3043 adv.
1204 2987 1316 3043 Haeres.
1328 2986 1375 3044 lib.
1386 2986 1423 3042 iii.

376 3103 438 3159 cap.
454 3103 499 3140 ιι.
514 3084 581 3141 licet
595 3083 660 3140 alibi
675 3082 808 3157 Vulgetae
822 3080 983 3139 versionem
998 3093 1141 3157 sequatur.

417 3193 432 3224 ¹¹
455 3181 611 3239 Archelaus
629 3180 677 3238 hic
694 3189 822 3236 veterum
841 3180 1019 3254 quorundam
1038 3182 1154 3238 Petrum
1175 3181 1344 3239 sententiam
1364 3200 1423 3238 sm·

336 3345 339 3349 ¹
378 3277 518 3353 plectitur,
533 3276 581 3351 qui
596 3276 688 3332 solum
707 3275 800 3331 Deum
815 3275 1031 3351 incorporeum
1054 3277 1161 3352 reliqua
1174 3295 1241 3334 vero
1256 3284 1351 3333 ereata
1364 3294 1425 3331 om·

377 3377 424 3432 uia
437 3392 574 3449 corporea
587 3391 649 3430 esse
662 3380 807 3447 putarunt,
823 3373 899 3446 quod
912 3393 1015 3448 nempe
1033 3375 1098 3431 loco
1112 3373 1333 3447 circumscripte,
1348 3372 1377 3429 in
1394 3390 1426 3428 se

377 3472 445 3547 ipsis
459 3469 661 3533 subsisterent;
683 3468 751 3525 licet
772 3469 862 3525 nostri
883 3479 1022 3545 respectu,
1038 3471 1085 3545 qui
1104 3490 1199 3528 crassa
1218 3478 1247 3528 et
1261 3470 1348 3527 densa
1362 3487 1426 3525 cor.

377 3587 448 3644 pora
461 3568 607 3631 habemus,
621 3565 805 3639 incorporeos
819 3566 874 3623 dici
888 3576 1031 3642 putarent.
1064 3567 1138 3626 Vide
1154 3567 1323 3643 Dionysium
1343 3567 1424 3623 Peta-

377 3666 454 3722 vium
468 3672 547 3721 tomo
561 3664 646 3722 tertio
659 3662 898 3738 Theologicorum
913 3665 1081 3739 dogmatum
1099 3665 1148 3721 lib.
1163 3665 1181 3721 i.
1204 3683 1265 3739 cap.
1282 3682 1310 3721 a.
1333 3671 1362 3720 et
1381 3682 1425 3721 se·

379 3762 538 3838 questibus,
553 3762 601 3818 ubi
619 3759 755 3817 latissime
775 3761 901 3818 omnium
916 3763 1032 3820 Petrum
1051 3763 1136 3820 eade
1153 3781 1184 3819 re
1203 3761 1358 3819 sententias
1376 3778 1426 3817 ex·

378 3859 485 3935 pendit.

419 3966 435 3998 ¹
450 3957 546 4022 Forte,
561 3958 701 4025 rationem,
717 3968 748 4016 ut
763 3977 862 4016 sensus
878 3957 915 4014 sit
933 3976 992 4014 non
1007 3957 1110 4015 debere
1123 3957 1271 4014 Manetem
1288 3954 1427 4031 judicium

379 4054 618 4118 admitteremus
638 4057 699 4131 ejus
717 4057 853 4132 dogmata
874 4056 909 4112 de
930 4054 1054 4121 homine,
1070 4062 1100 4111 et
1112 4053 1232 4129 Angelis
1249 4052 1356 4129 judicio
1377 4050 1428 4108 ad-

379 4157 536 4206 versentur.
578 4150 613 4206 In
627 4170 722 4227 graeco
733 4153 808 4209 euim
823 4151 999 4226 textuhujus
1009 4150 1218 4227 disputationis,
1232 4151 1354 4221 ἀναιρεῖν,
1368 4147 1426 4204 sor-

379 4255 454 4303 tasse
465 4246 601 4322 scriptum
616 4258 686 4314 erat,
702 4249 778 4323 quod
799 4267 864 4306 cum
884 4249 1012 4306 occidere
1029 4250 1143 4323 pariter,
1158 4267 1192 4306 ao
1208 4247 1327 4312 auferre,
1342 4253 1372 4302 et
1393 4244 1428 4301 de

380 4342 474 4398 medio
495 4343 595 4400 tollere
620 4343 771 4420 significet,
794 4346 917 4420 priorem
938 4364 1053 4402 sensum
1077 4353 1191 4402 secutus
1215 4351 1338 4400 estnon
1360 4342 1429 4398 satis

380 4445 537 4505 accuratus,
556 4458 610 4498 nec
630 4441 699 4499 satis
718 4441 834 4517 elegans
856 4428 988 4517 antiquus
1008 4442 1157 4517 interpres.
1201 4440 1348 4514 (lateriani,
1364 4439 1392 4496 h.
1402 4455 1427 4496 e.

381 4536 574 4601 condemnari,
589 4555 641 4612 pro
656 4538 817 4604 interimere,
832 4538 878 4595 hic
892 4539 989 4613 legere
1003 4539 1122 4610 malim.)

803 4659 809 4681 ¹
825 4651 910 4708 Josn.
927 4649 945 4706 i.
962 4651 1007 4707 18.

425 4764 493 4807 von.
509 4765 538 4807 v.
900 4767 920 4806 a
