3817 5692
398 2568 486 2617 3²2³&

553 696 619 760 262
920 698 951 759 S.
969 694 1241 760 AUGUSTINI

554 865 726 948 diendam,
744 865 1010 937 commendatam
1028 864 1095 936 sibi
1113 863 1170 935 illc
1187 872 1315 958 quanta
1326 871 1441 957 posset
1457 861 1607 959 dilipen·

556 982 605 1051 tia
622 989 845 1064 conservaret,
863 1004 905 1050 ne
930 978 972 1049 ab
997 979 1116 1073 atiquo
1140 980 1278 1049 castitas
1295 977 1365 1069 ejus
1388 985 1419 1047 et
1440 974 1609 1046 sanctitas

556 1093 830 1165 adulteraretur:
860 1091 1020 1167 Christus
1044 1093 1219 1165 Dominus
1244 1101 1276 1163 et
1297 1090 1396 1162 Deus
1420 1100 1534 1161 noster
1560 1089 1611 1160 od

556 1207 699 1278 Patrem
714 1208 946 1303 pumicisccns
964 1232 1122 1301 spernam
1148 1231 1245 1279 suam
1271 1205 1368 1277 nobis
1393 1204 1610 1277 commmda·

557 1323 628 1402 oit,·
654 1331 813 1393 utrumne
830 1346 903 1392 eam
922 1324 1158 1418 incorruptam
1184 1333 1216 1394 et
1241 1320 1440 1393 inuiolatam
1458 1319 1611 1392 ustodi-

557 1462 643 1518 mus‚
661 1462 707 1508 an
725 1439 953 1534 intepritatem
971 1439 1041 1531 ejus
1066 1448 1097 1509 et
1120 1438 1306 1509 castitatem
1324 1434 1464 1507 nroecliis
1481 1445 1512 1506 a
1530 1458 1611 1506 cor·

556 1551 754 1646 raptoribus
782 1553 996 1647 prodimus?
1035 1554 1106 1643 Qui
1132 1553 1223 1623 enim
1251 1550 1418 1646 baptisma
1440 1548 1613 1621 Ecclesioe

557 1690 731 1738 commune
757 1692 832 1738 cum
858 1667 1030 1740 hereticis
1043 1668 1149 1764 sarit,
1170 1691 1328 1761 sporssam
1349 1664 1484 1740 Christi
1507 1663 1613 1735 adul-

558 1784 641 1854 teris
655 1783 784 1876 prodit.

610 1898 898 1990 Respondemus:
942 1898 1036 1981 Quid
1073 1897 1124 1966 illi
1158 1898 1219 1989 qui
1254 1919 1337 1966 cum
1371 1897 1611 1988 baptizantur,

559 2015 671 2097 labiis,
688 2038 759 2084 non
785 2016 891 2084 corde
916 2022 1172 2084 convertuntur
1199 2013 1244 2081 ad
1265 2010 1471 2095 Dominum,
1488 2031 1613 2079 nonne

558 2130 792 2199 adulterinam
819 2138 977 2199 mentem
1004 2128 1156 2221 gerunt?
1187 2128 1320 2198 Nonne
1347 2128 1413 2219 ipsi
1440 2134 1523 2195 sunt
1546 2147 1616 2194 sae-

559 2245 630 2314 culi
648 2245 845 2326 dilectores,
863 2246 920 2314 cui
944 2267 1017 2314 non
1040 2245 1143 2317 factis
1168 2244 1230 2313 sed
1248 2243 1362 2311 verbis
1384 2242 1615 2310 renuntiave-

559 2368 654 2441 runt,
673 2370 710 2429 et
726 2362 806 2429 ideo
823 2370 1055 2451 corrumpunt
1078 2383 1194 2429 mores
1217 2358 1327 2428 bonos
1350 2380 1414 2448 per
1433 2355 1618 2446 colloquia·

399 2492 533 2540 imm.
560 2473 663 2556 mala,
682 2475 851 2557 dicentes,
871 2475 1132 2544 Manducemus
1157 2483 1195 2542 et
1221 2474 1394 2553 bibamus,
1412 2492 1487 2540 cras
1511 2471 1614 2539 enim

560 2589 775 2659 moriemur?
805 2590 936 2659 Nonne
954 2591 1062 2659 etiam
1081 2598 1204 2658 contra
1221 2589 1306 2657 istos
1319 2585 1476 2679 vigilavit
1493 2607 1615 2655 sermo

398 2702 799 2795 2c01.1i.3.Apostolicus,
817 2705 877 2774 ubi
897 2705 995 2787 dicit,
1017 2702 1136 2773 Timeo
1160 2712 1271 2773 aretem
1297 2726 1339 2772 ne
1363 2701 1451 2771 sicut
1472 2723 1617 2793 serpens

560 2817 671 2889 anm
696 2818 834 2889 seducit
861 2819 989 2889 astutio
1017 2842 1090 2901 srca,
1113 2818 1164 2888 sic
1189 2827 1220 2888 et
1245 2826 1366 2888 cestra
1388 2823 1513 2886 men-tes
1536 2837 1617 2884 cor-

560 2944 769 3027 rumpantur
786 2957 807 3002 a
825 2935 979 3003 castitate
996 2956 1073 3026 quse
1089 2941 1138 3002 est
1156 2933 1193 3001 in
1213 2928 1376 3005 Cirristot
1416 2930 1507 3000 Cum
1525 2953 1616 3023 ergo

562 3048 693 3118 Christi
719 3050 894 3140 baptisma
911 3048 1108 3141 Cyprianus
1132 3047 1287 3117 habebat
1313 3068 1501 3116 commune
1526 3067 1616 3115 cum

562 3163 703 3244 talibus,
738 3163 910 3254 numquid
947 3163 1027 3232 ideo
1070 3184 1232 3253 sponsam
1267 3160 1399 3230 Christi
1438 3158 1617 3251 prodebat

561 3277 742 3359 adulteris,
760 3300 801 3346 ac
819 3300 889 3346 non
908 3278 1027 3367 potius
1044 3276 1176 3345 monile
1197 3276 1312 3368 sponsi
1333 3276 1440 3345 etiam
1459 3275 1494 3343 in
1512 3273 1618 3343 adul-

563 3400 640 3460 tera
656 3390 916 3483 cognoscebat?
946 3391 950 3396 ’

611 3503 787 3596 Aymnius
809 3506 854 3574 ab
871 3504 1044 3598 Ausuaga
1066 3505 1181 3575 dixit:
1208 3502 1282 3574 Nos
1310 3527 1415 3573 unum
1443 3501 1617 3596 baptisma

561 3618 761 3711 accepimus,
773 3626 804 3688 et
821 3618 934 3712 ipsum
952 3615 1182 3690 ¹eaercemus:
1211 3618 1272 3712 qui
1289 3627 1399 3688 autem
1417 3617 1511 3699 dicit,
1530 3618 1618 3709 quia

562 3740 593 3802 et
609 3730 780 3803 hereticis
797 3732 878 3803 licet
894 3731 1080 3827 baptizare,
1099 3735 1172 3826 ipsc
1188 3731 1274 3803 duas
1291 3731 1474 3824 baptismos
1480 3729 1589 3825 facit.

613 3848 710 3917 Huic
727 3850 981 3939 respondetur:
1009 3849 1084 3918 Cur
1108 3871 1180 3917 non
1202 3847 1309 3916 etiam
1337 3846 1398 3915 ille
1419 3848 1507 3916 duos
1529 3846 1619 3937 bap-

562 3966 685 4034 tismos
702 3964 797 4045 facit,
816 3965 877 4055 qui
895 3965 983 4033 dicit
1000 3964 1083 4055 quia
1100 3972 1138 4032 et
1154 3964 1265 4054 iniqui
1284 3961 1489 4053 baptizant?
1521 3961 1618 4031 Cum

562 4080 656 4149 enim
681 4080 768 4170 justi
798 4087 836 4148 et
867 4079 978 4170 iniqui
1010 4079 1074 4148 sibi
1106 4079 1272 4148 contrarii
1302 4080 1392 4160 sint3
1419 4078 1619 4168 baptismus

562 4216 668 4284 quem
687 4193 774 4261 dant
790 4193 891 4284 justi,
910 4191 1023 4282 qualis
1040 4200 1116 4260 erat
1135 4190 1278 4273 Paulus,
1296 4191 1352 4260 vel
1371 4192 1479 4261 etiam
1498 4190 1618 4281 qualis

604 4402 611 4447 ¹
629 4404 684 4460 Hic
699 4404 747 4461 Er.
763 4412 792 4459 et
806 4403 876 4459 Lov.
891 4403 1009 4467 addunt,
1025 4412 1142 4461 tenemus
1156 4414 1191 4461 et.
1230 4405 1347 4475 (Voces,
1363 4414 1480 4461 tenmuus
1493 4412 1529 4467 et,
1545 4423 1621 4477 quas

563 4501 637 4575 apud
649 4500 822 4575 Cyprianum
838 4499 942 4555 delevit
957 4499 1099 4564 Baluzius,
1113 4519 1205 4574 neque
1221 4501 1250 4557 in
1266 4501 1418 4565 codicibus,
1432 4500 1533 4574 quibus
1547 4518 1622 4559 usus

564 4614 635 4658 sum,
651 4594 695 4651 vel
711 4593 855 4668 Cypriani,
870 4594 915 4650 vel
931 4595 1096 4669 Augustini,
1112 4599 1271 4669 apparent.)
