3817 5692
806 695 1117 760 DISPUTATIO.
1443 693 1486 759 49

436 863 662 965 ἀγεννήτους,
685 866 883 972 αὐτοφυεῖς,
908 864 1049 961 ἀϊδίους,
1078 865 1139 942 ἕνα
1168 870 1219 969 τῷ
1250 863 1300 941 ἑνὶ
1333 863 1481 940 ἀντικεῖ-

435 1019 552 1090 μενον·
575 995 633 1071 καὶ
651 990 715 1071 τὸν
728 991 793 1090 μὲν
806 989 954 1094 ἀγαθὸν,
968 990 1031 1070 τὸν
1050 989 1088 1069 δὲ
1105 989 1262 1091 πονηρὸν
1281 994 1486 1089 εἰσηγεῖται,

436 1125 515 1222 φῶς
532 1124 584 1224 τῷ
602 1120 654 1197 ἑνὶ
671 1116 784 1216 ὄνομα
802 1119 957 1217 θέμενος,
976 1119 1035 1195 καὶ
1059 1123 1110 1221 τῷ
1128 1115 1235 1222 ἑτέριρ
1259 1114 1400 1197 σκότος·
1427 1119 1486 1194 καὶ

435 1252 499 1323 τοῦ
517 1244 583 1343 μὲν
601 1244 722 1351 φωτὸς
749 1241 834 1324 εἶναι
860 1244 967 1346 με’ρος
992 1242 1057 1343 τὴν
1074 1245 1113 1322 ἐν
1131 1241 1331 1345 ἀνθρώποις
1349 1241 1485 1347 ψυχὴν,

434 1378 498 1449 τοῦ
522 1369 560 1450 δὲ
583 1369 736 1453 σκότους
763 1368 805 1451 τό
833 1378 953 1469 σῶμα,
972 1372 1031 1449 καὶ
1056 1368 1098 1449 τὸ
1123 1374 1187 1468 τῆς
1212 1370 1300 1468 ὕλης
1318 1368 1485 1472 δημιούρ-

433 1529 543 1597 γημα.
581 1498 679 1603 μῖξιν
698 1496 745 1594 δὲ,
762 1497 841 1597 ἤτοι
858 1497 1065 1599 σύγκρασιν
1082 1504 1231 1574 l'roriror
1249 1496 1345 1596 λε’γει
1373 1529 1481 1597 γεγο-

435 1621 529 1699 νέναι
546 1619 610 1701 τὸν
627 1621 771 1724 τρόπον,
791 1620 986 1722 ἀπεικάζων
1004 1621 1085 1705 τοὺς
1108 1621 1171 1700 eto
1190 1625 1279 1726 τῷδε
1298 1627 1349 1726 τῷ
1366 1655 1483 1722 παρα-

433 1748 606 1850 δείγματι.
646 1748 805 1850 καθόπερ
828 1747 892 1828 δόο
916 1756 1084 1844 βασιλεῖς
1102 1745 1374 1851 ἀντιμαχόμενοι
1392 1744 1483 1849 πρὸς

434 1873 630 1973 ἀλλήλους,
649 1873 748 1959 ὄντες
773 1878 937 1979 ἆταρχῆς
961 1877 1093 1980 ἐχθροὶ,
1117 1876 1175 1953 καὶ
1202 1872 1376 1975 όναμέρος
1402 1875 1482 1952 ἑκό-

433 2033 525 2079 στου
551 1999 597 2080 τὰ
624 2000 696 2081 ἴδια
722 2001 876 2105 ἔχοντος.
917 2000 1010 2080 κατὰ
1032 1998 1070 2080 δὲ
1086 1999 1272 2079 σύστασιν
1290 1997 1332 2079 τὸ
1350 1997 1482 2083 σκότος

432 2125 587 2205 ἐπελθὸν
614 2128 654 2206 ἐκ
691 2134 762 2206 τῶν
796 2129 902 2230 ὁρίων
939 2129 1048 2206 αὐτοῦ
1083 2124 1392 2230 προσεμαχήσατο
1429 2130 1481 2232 τῷ

432 2253 536 2355 φωτί.
574 2252 706 2355 γνόντα
734 2252 772 2333 δὲ
798 2252 862 2332 τὸν
883 2250 1021 2356 ἀγαθόν
1041 2252 1187 2355 Πατέρα
1214 2252 1256 2331 τὸ
1283 2249 1416 2335 σκότος
1443 2253 1482 2329 ε’ν

432 2380 477 2479 τῇ
507 2384 556 2481 γῇ
588 2379 696 2457 αὐτοῦ
729 2376 992 2477 ἐπιδεδημηκὸς,
1023 2374 1269 2480 Ιπροβάλλειν
1299 2376 1344 2482 ἐξ
1372 2377 1481 2455 αὐτοῦ

432 2547 494 2617 tes,
515 2549 663 2621 aeternos,
683 2564 781 2606 unum
802 2543 857 2607 uni
879 2544 934 2608 ed·
979 2542 1133 2618 offertum,
1169 2543 1480 2627 eonferenr‘r'embee

432 2634 631 2703 versantem
657 2635 691 2692 et
709 2629 847 2693 alterum
865 2629 933 2713 qui·
978 2629 1066 2692 Deos
1089 2628 1121 2691 in
1141 2627 1357 2711 hujuscemodi
1376 2649 1480 2692 exem·

433 2709 506 2774 dem
523 2712 653 2789 bonum,
669 2712 806 2778 alterum
826 2723 935 2779 eutem
979 2714 1077 2800 plum.
1097 2714 1370 2794 Quemadmodum
1379 2714 1405 2776 ei
1415 2713 1479 2775 duo

432 2795 550 2860 melum
564 2798 749 2863 introducit.
792 2799 865 2863 Lux
880 2798 934 2863 uni
978 2820 1069 2884 reges
1084 2798 1148 2862 eint
1163 2798 1330 2861 adversum
1349 2819 1384 2861 ee
1401 2819 1480 2882 pug-

431 2902 547 2945 nomen
567 2882 714 2968 imponit,
730 2892 764 2949 et
778 2884 871 2949 alteri
886 2893 933 2949 te-
977 2890 1103 2960 nantee,
1120 2883 1173 2968 qui
1193 2885 1235 2947 eb
1254 2882 1346 2947 initio
1361 2882 1479 2946 fuerint

431 2968 559 3032 nebreo.
619 2969 666 3033 Et
698 2969 778 3034 lueis
805 2970 933 3054 quidem
976 2968 1103 3045 inimici,
1113 2968 1268 3033 hebentes
1279 2967 1393 3051 singuli
1405 2989 1479 3032 sues

431 3072 500 3116 esee
529 3061 654 3137 partem
682 3055 831 3132 animem,
862 3077 933 3139 quae
976 3054 1158 3139 portionee;
1189 3053 1341 3118 eeeiderit
1370 3060 1479 3117 eutem

430 3137 463 3200 in
493 3137 672 3203 hominibus
698 3148 757 3217 eet,
786 3141 932 3205 tenebre·
977 3147 1013 3203 ut
1027 3141 1169 3204 tenebrae
1189 3139 1429 3224 progredientes
1442 3136 1478 3201 fi-

431 3243 504 3285 rum
526 3231 635 3289 eutem
657 3247 783 3310 eorpus,
806 3233 840 3289 et
883 3246 933 3289 uae
976 3247 1033 3289 nee
1057 3247 1142 3302 euos,
1166 3225 1283 3288 bellum
1307 3246 1378 3288 eum
1408 3223 1478 3288 luee

430 3328 471 3370 ex
480 3309 833 3375 materiaeeteonditio.
855 3247 932 3374 lqer-
976 3310 1201 3375 commiserint.
1223 3310 1479 3395 Quodcumeog-

430 3392 618 3458 mixtionem
644 3404 763 3472 eutem,
784 3395 833 3460 vel
858 3417 931 3459 eon-
975 3396 1114 3459 novisset
1136 3396 1238 3459 bonus
1261 3392 1371 3474 Peter,
1389 3401 1477 3458 tene·

425 3476 622 3561 junctionem
637 3480 719 3544 rhoo
739 3481 835 3545 modo
853 3480 931 3544 dieit
976 3481 1050 3545 brae
1064 3482 1105 3544 ad
1121 3488 1242 3545 terram
1262 3502 1352 3545 suam
1370 3502 1477 3564 euper-

471 3679 487 3723 Ρ
508 3670 584 3729 Hine
598 3681 676 3746 patet
690 3675 765 3749 apud
779 3676 969 3751 Epiphaniam
988 3677 1046 3751 legi
1065 3678 1177 3741 debere,
1192 3680 1285 3732 τοῦτον
1308 3678 1389 3749 λέγει,
1411 3695 1476 3732 cum

429 3765 506 3839 prius
519 3776 604 3834 esset,
620 3768 728 3830 τούτων.

472 3933 479 3961 ¹
506 3928 668 4001 [Nonnulla
688 3930 786 3989 deesse
808 3944 906 3991 monet
926 3935 1066 3992 Petavius.
1111 3936 1280 3993 Emendatio
1296 3937 1418 4010 petendu
1431 3946 1475 3993 eet

429 4041 465 4080 ex
480 4022 640 4101 Epiphanio
656 4028 735 4086 Haer.
747 4029 813 4085 lxvi.
829 4049 857 4086 n.
870 4047 918 4103 45.
940 4032 1006 4103 φέρε
1026 4033 1058 4101 δὴ
1078 4030 1172 4101 ἴδωμεν
1184 4034 1225 4087 καὶ
1244 4033 1304 4102 περὶ
1317 4034 1362 4101 τῆς
1379 4033 1477 4103 μητρὸς

428 4123 473 4190 τῆς
487 4124 559 4192 ζόης,
574 4124 604 4193 ἧς
618 4127 715 4195 φόσκει
729 4128 858 4198 δυνάμεως
870 4130 1070 4200 προβεβλῆσθαι
1085 4132 1143 4199 (τόν
1155 4134 1259 4201 πρῶτον
1272 4130 1419 4201 ἄνθρωπον)
1434 4130 1475 4182 καὶ

427 4219 506 4288 αὐτὴν
522 4220 551 4275 δι’
569 4222 615 4290 τὴν
628 4222 724 4295 μητέρα
745 4226 790 4293 τῆς
807 4228 871 4293 ζωῆς
891 4228 937 4279 τόν
955 4248 984 4280 τε
1001 4230 1104 4297 πρῶτον
1117 4227 1252 4298 ἄνθρωπον
1264 4228 1297 4280 τὰ
1309 4228 1385 4281 πέντε
1399 4248 1474 4280 στοι-

427 4318 495 4385 χεῖα.
538 4316 606 4373 Istis
622 4319 796 4393 compositis,
810 4320 951 4378 Turbonis
967 4322 1052 4378 verbe
1071 4322 1133 4379 haee
1154 4332 1244 4379 erent.
1265 4326 1360 4396 γνόντα
1379 4325 1408 4379 δι’
1429 4325 1475 4377 τὸν

426 4409 523 4483 όγσόόν
536 4416 876 4489 ποτόρσ-προβσλλειν
890 4418 920 4488 ἒξ
937 4420 1029 4473 ἑαυτοῦ
1046 4418 1154 4490 δύναμιν
1166 4422 1262 4491 μητέρα
1281 4422 1326 4489 τῆς
1345 4422 1418 4488 ζόης,
1433 4420 1474 4472 καὶ

426 4506 504 4576 offrir
514 4513 721 4580 προβιβληκέναι
730 4514 776 4567 τὸν
785 4518 888 4585 πρῶτον
898 4514 1043 4586 ἄνθρωπον,
1054 4516 1133 4586 αὐτὴν
1143 4517 1171 4570 δι’
1185 4517 1232 4585 τὴν
1241 4514 1337 4586 μητέρα
1350 4516 1396 4583 τῆς
1410 4516 1473 4582 ζωῆς

426 4605 514 4658 τόντε
531 4609 634 4676 πρῶτον
651 4607 787 4679 ἄνθρωπον
808 4612 839 4664 τὰ
859 4610 936 4665 πέντε
957 4614 1084 4681 στοιχεῖα.
1107 4611 1298 4667 ΓιΑΝοιεουε
1312 4609 1428 4665 Ftoluo
1442 4608 1473 4665 in

469 4718 535 4760 VOL.
553 4720 582 4760 V.
930 4724 952 4764 Η
