3817 5692
407 617 472 683 266
775 620 807 681 S.
824 617 1097 682 AUGUSTINI

408 813 467 860 cos
484 791 649 883 baptismi
665 792 789 884 gratia.
841 790 900 860 Sic
925 801 979 860 est
1004 801 1124 861 autem
1149 814 1258 860 unum
1281 792 1469 884 baptisma

407 915 445 974 et
462 929 533 975 una
549 902 719 988 Ecclesia,
737 907 1034 997 quemadmodum
1053 915 1107 975 est
1124 929 1195 976 una
1215 928 1302 998 spes.
1356 906 1468 978 Sicut

407 1042 491 1113 ergo
508 1021 590 1089 boni
609 1030 647 1089 et
664 1018 759 1099 mati,
777 1043 847 1090 non
866 1019 1038 1091 habentes
1055 1044 1161 1091 unam
1181 1043 1290 1113 spem,
1308 1031 1467 1113 possunt

408 1143 528 1203 tamen
553 1133 684 1205 habere
710 1158 820 1203 unum
849 1135 1044 1227 baptisma:
1070 1136 1122 1204 ita
1148 1136 1275 1226 quibus
1302 1157 1373 1203 non
1404 1142 1467 1204 cst

407 1250 605 1318 communis
622 1248 791 1331 Ecclesia,
809 1259 928 1341 potest
944 1250 1121 1342 baptismo
1137 1271 1214 1319 esse
1231 1270 1437 1319 commune.

458 1363 625 1433 Zozimus
643 1364 849 1434 a'l'harassa
870 1364 982 1434 dixit:
1009 1362 1230 1435 Revelatioue
1241 1362 1344 1458 sacta
1367 1364 1466 1433 ceri·

407 1482 497 1563 tatis,
516 1480 611 1551 cedat
640 1504 739 1551 error
759 1480 917 1551 ueritati:
945 1482 1029 1574 quia
1057 1491 1089 1551 ct
1110 1480 1239 1552 Petrus
1264 1482 1326 1576 qui
1352 1483 1466 1576 prius

407 1593 676 1676 circumcidebat,
694 1595 792 1665 cessit
810 1593 923 1665 Paulo
940 1596 1114 1667 ceritatem
1128 1596 1348 1690 predicanti.

457 1712 724 1804 Respondetur:
752 1711 879 1781 Potest
900 1711 1006 1781 etiam
1035 1722 1154 1782 nostra
1177 1735 1252 1782 csse
1279 1714 1468 1784 sententia

407 1831 484 1910 ists,
503 1838 540 1897 et
556 1828 608 1897 ita
624 1826 757 1896 fuctum
777 1836 831 1895 cst
851 1828 887 1895 in
911 1826 977 1896 hac
995 1827 1040 1896 dc
1057 1828 1233 1919 baptismo
1250 1828 1466 1919 quaestione.

410 1943 507 2013 Nam
525 1942 675 2011 veritate
702 1948 825 2033 postea
852 1940 1020 2033 liquidius
1048 1943 1203 2013 revelata
1227 1943 1332 2012 cessit
1358 1966 1466 2013 error

289 2141 297 2156 Ι
408 2058 560 2140 veritati,
576 2078 659 2125 cum
681 2056 744 2126 illa
766 2055 995 2127 saluberrima
1018 2060 1238 2128 consuetudo
1255 2059 1362 2128 etiam
1381 2057 1467 2149 ple-

409 2173 495 2243 narii
521 2171 660 2241 concilii
686 2173 898 2242 auctoritate
923 2174 1062 2243 firmata
1087 2183 1151 2243 est.
1203 2173 1304 2243 Bene
1321 2183 1464 2257 tamen,

408 2287 503 2377 quod
534 2286 639 2355 toties
668 2286 907 2357 meminerunt
938 2289 1046 2357 etiam
1080 2289 1233 2379 primum
1263 2285 1466 2377 Apostolo-

408 2425 485 2470 rum
521 2399 668 2470 Petrum
703 2402 858 2493 potuisse
892 2401 996 2472 aliter
1029 2424 1150 2494 sapere
1185 2424 1290 2492 quam
1328 2402 1466 2472 veritas

407 2516 629 2609 postulabat;
656 2516 749 2607 quod
768 2517 935 2585 accidisse
953 2517 1061 2585 etiam
1079 2512 1255 2607 Cypriuno
1281 2516 1355 2584 sine
1382 2515 1467 2588 ulla

408 2632 483 2722 ejus
505 2631 723 2701 contumelia
748 2631 933 2712 credimus,
952 2631 1167 2721 quicumque
1190 2630 1368 2723 diligimus
1387 2629 1466 2723 Cy-

407 2748 590 2839 prianum:
617 2747 699 2837 quia
718 2769 789 2814 non
808 2768 889 2815 eum
908 2745 961 2817 fas
977 2755 1032 2815 est
1050 2744 1147 2838 diligi
1164 2747 1287 2837 majori
1305 2745 1464 2817 caritate

407 2885 512 2954 quam
533 2861 691 2931 Petrum.

457 2975 621 3047 Julianus
638 2999 659 3045 a
675 2975 823 3069 Telepte
847 2978 957 3046 dixit:
984 2974 1162 3070 Scriptum
1184 2984 1242 3058 cst,
1260 2973 1370 3045 Nemo
1391 3000 1464 3070 po-

277 3173 284 3188 ·
408 3100 470 3162 test
487 3093 639 3185 accipere
655 3090 798 3185 aliquid,
816 3091 888 3160 nisi
904 3091 1021 3161 datum
1039 3089 1217 3186 illisuerit
1233 3089 1275 3161 de
1291 3087 1384 3160 caeio.
1412 3090 1466 3164 Si

407 3204 550 3276 taeresis
567 3204 609 3276 de
626 3203 708 3276 ccclo
724 3215 783 3287 cst,
795 3215 907 3299 potest
923 3204 1092 3300 baptisma
1109 3205 1203 3275 dare.

459 3321 593 3392 Audiat
623 3331 660 3392 et
689 3321 798 3391 alium
829 3323 1025 3391 dicentem:
1053 3321 1091 3391 Si
1122 3320 1268 3390 avaritia
1297 3321 1341 3389 de
1367 3322 1480 3392 caelo·

407 3444 470 3518 est,
494 3445 612 3527 potest
641 3437 816 3529 baptisma
845 3437 937 3506 dare.
991 3435 1039 3505 Et
1070 3447 1189 3506 tamen
1222 3436 1307 3506 dant
1336 3438 1462 3508 avari:

407 3552 457 3620 sic
474 3573 558 3643 ergo
575 3563 612 3620 et
630 3552 796 3621 haeretici.

458 3664 608 3737 Faustus
625 3690 646 3736 a
662 3666 801 3736 Timida
822 3668 919 3759 regia
935 3666 1049 3736 dixit:
1076 3665 1157 3736 Non
1182 3663 1249 3734 sibi
1273 3662 1463 3736 blandian-

406 3788 464 3849 tur
489 3781 549 3874 qui
573 3779 743 3852 haretici:
767 3782 1044 3876 patrocinantur.
1098 3780 1170 3869 Qui
1191 3803 1258 3875 pro
1282 3777 1462 3853 hareticis

406 3894 629 3968 ecclesiastico
657 3894 823 3989 baptismo
853 3895 1041 3979 intercedit,
1070 3894 1145 3965 illos
1173 3893 1393 3968 Christianos
1424 3907 1463 3969 et

406 4030 468 4078 uos
485 4007 661 4080 hoereticos
667 4008 773 4104 facit.

457 4123 553 4194 Huic
583 4125 833 4216 respondetur:
860 4125 899 4195 si
929 4126 1114 4217 quisquam
1146 4126 1251 4207 dicat,
1281 4147 1362 4194 eum
1393 4128 1461 4215 qui

405 4261 485 4309 cum
522 4240 734 4330 baptismum
770 4241 956 4331 acciperet,
984 4242 1067 4332 quia
1100 4239 1220 4308 odium
1257 4240 1461 4313 fraternum

352 4399 360 4412 ·
404 4354 550 4423 tenebat
573 4355 610 4422 in
634 4352 750 4436 corde,
767 4377 838 4423 non
862 4364 1047 4446 acceperat
1069 4354 1309 4423 remissionem
1327 4376 1462 4444 pecca·

405 4476 534 4552 torum,
555 4492 626 4538 non
651 4491 727 4539 esse
754 4471 884 4540 iterum
912 4470 1175 4561 baptizandum,
1198 4468 1338 4559 quando
1361 4467 1462 4541 illud
