<?xml version="1.0" encoding="UTF-8"?>
<!DOCTYPE html PUBLIC "-//W3C//DTD XHTML 1.0 Transitional//EN"
    "http://www.w3.org/TR/xhtml1/DTD/xhtml1-transitional.dtd">
<html xmlns="http://www.w3.org/1999/xhtml" xml:lang="en" lang="en">
 <head>
  <title>
</title>
<meta http-equiv="Content-Type" content="text/html;charset=utf-8" />
  <meta name='ocr-system' content='tesseract 3.04.00' />
  <meta name='ocr-capabilities' content='ocr_page ocr_carea ocr_par ocr_line ocrx_word'/>
</head>
<body>
  <div class='ocr_page' id='page_1' title='image "./reliquiaesacrae02routgoog_0140.png"; bbox 0 0 3817 5692; ppageno 0'>
   <div class='ocr_carea' id='block_1_1' title="bbox 497 698 1315 765">
    <p class='ocr_par' dir='ltr' id='par_1_1' title="bbox 497 698 1315 765">
     <span class='ocr_line' id='line_1_1' title="bbox 497 698 1315 765; baseline -0.007 0"><span class='ocrx_word' id='word_1_1' title='bbox 497 701 561 765; x_wconf 75' lang='lat'><strong>126</strong></span> <span class='ocrx_word' id='word_1_2' title='bbox 729 698 982 764; x_wconf 84' lang='lat' dir='ltr'><strong>ARCHELAI</strong></span> <span class='ocrx_word' id='word_1_3' title='bbox 1009 700 1072 761; x_wconf 85' lang='lat' dir='ltr'><strong>ET</strong></span> <span class='ocrx_word' id='word_1_4' title='bbox 1097 698 1315 761; x_wconf 84' lang='lat' dir='ltr'>MANETIS</span> 
     </span>
    </p>
   </div>
   <div class='ocr_carea' id='block_1_2' title="bbox 468 870 1547 4435">
    <p class='ocr_par' dir='ltr' id='par_1_2' title="bbox 490 870 1546 3139">
     <span class='ocr_line' id='line_1_2' title="bbox 496 870 1546 966; baseline -0.005 -23"><span class='ocrx_word' id='word_1_5' title='bbox 496 874 638 966; x_wconf 88' lang='lat' dir='ltr'><strong>pariunt</strong></span> <span class='ocrx_word' id='word_1_6' title='bbox 660 872 826 962; x_wconf 90' lang='lat' dir='ltr'><strong>spiritum</strong></span> <span class='ocrx_word' id='word_1_7' title='bbox 848 873 1056 963; x_wconf 89' lang='lat' dir='ltr'><strong>iniquitatis,</strong></span> <span class='ocrx_word' id='word_1_8' title='bbox 1074 872 1139 964; x_wconf 91' lang='lat' dir='ltr'><strong>ipsi</strong></span> <span class='ocrx_word' id='word_1_9' title='bbox 1158 880 1275 961; x_wconf 88' lang='lat' dir='ltr'><strong>patres</strong></span> <span class='ocrx_word' id='word_1_10' title='bbox 1292 872 1367 961; x_wconf 89' lang='lat' dir='ltr'><strong>ejus</strong></span> <span class='ocrx_word' id='word_1_11' title='bbox 1384 870 1546 940; x_wconf 87' lang='lat' dir='ltr'><strong>dicantur</strong></span> 
     </span>
     <span class='ocr_line' id='line_1_3' title="bbox 496 987 1545 1072; baseline -0.003 -13"><span class='ocrx_word' id='word_1_12' title='bbox 496 1011 639 1060; x_wconf 86' lang='lat' dir='ltr'><strong>necesse</strong></span> <span class='ocrx_word' id='word_1_13' title='bbox 656 999 731 1071; x_wconf 89' lang='lat' dir='ltr'><strong>est;</strong></span> <span class='ocrx_word' id='word_1_14' title='bbox 758 988 821 1058; x_wconf 90' lang='lat' dir='ltr'><strong>filii</strong></span> <span class='ocrx_word' id='word_1_15' title='bbox 839 988 940 1058; x_wconf 88' lang='lat' dir='ltr'><strong>enim</strong></span> <span class='ocrx_word' id='word_1_16' title='bbox 953 988 1132 1072; x_wconf 87' lang='lat' dir='ltr'><strong>dicuntur,</strong></span> <span class='ocrx_word' id='word_1_17' title='bbox 1150 987 1235 1057; x_wconf 92' lang='lat' dir='ltr'><strong>dum</strong></span> <span class='ocrx_word' id='word_1_18' title='bbox 1255 987 1371 1057; x_wconf 92' lang='lat' dir='ltr'><strong>adhuc</strong></span> <span class='ocrx_word' id='word_1_19' title='bbox 1388 988 1545 1057; x_wconf 87' lang='lat' dir='ltr'><strong>ministe-</strong></span> 
     </span>
     <span class='ocr_line' id='line_1_4' title="bbox 496 1103 1544 1197; baseline -0.003 -23"><span class='ocrx_word' id='word_1_20' title='bbox 496 1108 548 1175; x_wconf 94' lang='lat' dir='ltr'><strong>rio</strong></span> <span class='ocrx_word' id='word_1_21' title='bbox 583 1108 658 1197; x_wconf 90' lang='lat' dir='ltr'><strong>ejus</strong></span> <span class='ocrx_word' id='word_1_22' title='bbox 689 1114 824 1197; x_wconf 86' lang='lat' dir='ltr'><strong>parent,</strong></span> <span class='ocrx_word' id='word_1_23' title='bbox 854 1113 972 1197; x_wconf 86' lang='lat' dir='ltr'><strong>patres</strong></span> <span class='ocrx_word' id='word_1_24' title='bbox 1003 1126 1094 1185; x_wconf 84' lang='lat' dir='ltr'><strong>vero,</strong></span> <span class='ocrx_word' id='word_1_25' title='bbox 1123 1105 1182 1195; x_wconf 91' lang='lat' dir='ltr'><strong>qui</strong></span> <span class='ocrx_word' id='word_1_26' title='bbox 1217 1104 1260 1173; x_wconf 87' lang='lat' dir='ltr'><strong>ad</strong></span> <span class='ocrx_word' id='word_1_27' title='bbox 1292 1103 1544 1195; x_wconf 78' lang='lat' dir='ltr'><strong>perfectionem</strong></span> 
     </span>
     <span class='ocr_line' id='line_1_5' title="bbox 496 1220 1545 1314; baseline -0.004 -23"><span class='ocrx_word' id='word_1_28' title='bbox 496 1221 640 1291; x_wconf 81' lang='lat' dir='ltr'><strong>malitiae</strong></span> <span class='ocrx_word' id='word_1_29' title='bbox 656 1230 903 1314; x_wconf 87' lang='lat' dir='ltr'><strong>pervenerunt.</strong></span> <span class='ocrx_word' id='word_1_30' title='bbox 931 1220 989 1290; x_wconf 92' lang='lat' dir='ltr'><strong>Ita</strong></span> <span class='ocrx_word' id='word_1_31' title='bbox 1006 1242 1158 1310; x_wconf 92' lang='lat' dir='ltr'><strong>namque</strong></span> <span class='ocrx_word' id='word_1_32' title='bbox 1176 1228 1214 1289; x_wconf 91' lang='lat' dir='ltr'><strong>et</strong></span> <span class='ocrx_word' id='word_1_33' title='bbox 1232 1220 1408 1289; x_wconf 88' lang='lat' dir='ltr'>Dominus</span> <span class='ocrx_word' id='word_1_34' title='bbox 1424 1228 1545 1289; x_wconf 89' lang='lat' dir='ltr'><strong>noster</strong></span> 
     </span>
     <span class='ocr_line' id='line_1_6' title="bbox 496 1332 1544 1429; baseline -0.002 -22"><span class='ocrx_word' id='word_1_35' title='bbox 496 1339 547 1407; x_wconf 89' lang='lat' dir='ltr'><strong>ait</strong></span> <span class='ocrx_word' id='word_1_36' title='bbox 564 1338 608 1407; x_wconf 89' lang='lat' dir='ltr'><strong>ad</strong></span> <span class='ocrx_word' id='word_1_37' title='bbox 627 1336 831 1417; x_wconf 85' lang='lat' dir='ltr'><strong>Pharisaeos,</strong></span> <span class='ocrx_word' id='word_1_38' title='bbox 854 1334 921 1406; x_wconf 80' lang='lat' dir='ltr'><strong>Vos</strong></span> <span class='ocrx_word' id='word_1_39' title='bbox 937 1335 980 1406; x_wconf 85' lang='lat' dir='ltr'><strong>de</strong></span> <span class='ocrx_word' id='word_1_40' title='bbox 991 1344 1094 1429; x_wconf 84' lang='lat' dir='ltr'><strong>putre</strong></span> <span class='ocrx_word' id='word_1_41' title='bbox 1105 1332 1255 1405; x_wconf 81' lang='lat' dir='ltr'><strong>Diubolo</strong></span> <span class='ocrx_word' id='word_1_42' title='bbox 1271 1336 1363 1418; x_wconf 79' lang='lat' dir='ltr'><strong>estis,</strong></span> <span class='ocrx_word' id='word_1_43' title='bbox 1377 1335 1467 1405; x_wconf 88' lang='lat' dir='ltr'><strong>filios</strong></span> <span class='ocrx_word' id='word_1_44' title='bbox 1484 1357 1544 1405; x_wconf 88' lang='lat' dir='ltr'><strong>eos</strong></span> 
     </span>
     <span class='ocr_line' id='line_1_7' title="bbox 497 1451 1544 1534; baseline -0.002 -13"><span class='ocrx_word' id='word_1_45' title='bbox 497 1453 628 1523; x_wconf 89' lang='lat' dir='ltr'><strong>faciens</strong></span> <span class='ocrx_word' id='word_1_46' title='bbox 651 1452 755 1534; x_wconf 89' lang='lat' dir='ltr'><strong>illius,</strong></span> <span class='ocrx_word' id='word_1_47' title='bbox 778 1452 890 1521; x_wconf 89' lang='lat' dir='ltr'><strong>donec</strong></span> <span class='ocrx_word' id='word_1_48' title='bbox 913 1451 1030 1521; x_wconf 85' lang='lat' dir='ltr'><strong>adhuc</strong></span> <span class='ocrx_word' id='word_1_49' title='bbox 1052 1451 1254 1521; x_wconf 85' lang='lat' dir='ltr'><strong>conturbari</strong></span> <span class='ocrx_word' id='word_1_50' title='bbox 1271 1452 1489 1533; x_wconf 86' lang='lat' dir='ltr'><strong>videbantur,</strong></span> <span class='ocrx_word' id='word_1_51' title='bbox 1507 1460 1544 1520; x_wconf 87' lang='lat' dir='ltr'><strong>et</strong></span> 
     </span>
     <span class='ocr_line' id='line_1_8' title="bbox 496 1565 1543 1660; baseline -0.002 -23"><span class='ocrx_word' id='word_1_52' title='bbox 496 1567 700 1660; x_wconf 82' lang='lat' dir='ltr'><strong>cogitabant</strong></span> <span class='ocrx_word' id='word_1_53' title='bbox 723 1568 760 1637; x_wconf 95' lang='lat' dir='ltr'><strong>in</strong></span> <span class='ocrx_word' id='word_1_54' title='bbox 784 1566 947 1636; x_wconf 84' lang='lat' dir='ltr'><strong>cordibus</strong></span> <span class='ocrx_word' id='word_1_55' title='bbox 965 1567 1036 1637; x_wconf 88' lang='lat' dir='ltr'><strong>suis</strong></span> <span class='ocrx_word' id='word_1_56' title='bbox 1052 1565 1146 1635; x_wconf 85' lang='lat' dir='ltr'><strong>mala</strong></span> <span class='ocrx_word' id='word_1_57' title='bbox 1162 1589 1225 1657; x_wconf 92' lang='lat' dir='ltr'><strong>pro</strong></span> <span class='ocrx_word' id='word_1_58' title='bbox 1243 1565 1343 1636; x_wconf 89' lang='lat' dir='ltr'><strong>bonis</strong></span> <span class='ocrx_word' id='word_1_59' title='bbox 1360 1567 1543 1636; x_wconf 86' lang='lat' dir='ltr'><strong>adversum</strong></span> 
     </span>
     <span class='ocr_line' id='line_1_9' title="bbox 490 1681 1544 1775; baseline 0.002 -25"><span class='ocrx_word' id='word_1_60' title='bbox 490 1684 631 1774; x_wconf 90' lang='lat' dir='ltr'><strong>just0s;</strong></span> <span class='ocrx_word' id='word_1_61' title='bbox 668 1705 752 1775; x_wconf 91' lang='lat' dir='ltr'><strong>ergo</strong></span> <span class='ocrx_word' id='word_1_62' title='bbox 786 1682 881 1774; x_wconf 89' lang='lat' dir='ltr'><strong>apud</strong></span> <span class='ocrx_word' id='word_1_63' title='bbox 911 1704 949 1751; x_wconf 90' lang='lat' dir='ltr'><strong>se</strong></span> <span class='ocrx_word' id='word_1_64' title='bbox 980 1681 1064 1751; x_wconf 86' lang='lat' dir='ltr'><strong>talia</strong></span> <span class='ocrx_word' id='word_1_65' title='bbox 1094 1681 1342 1773; x_wconf 88' lang='lat' dir='ltr'><strong>cogitantibus,</strong></span> <span class='ocrx_word' id='word_1_66' title='bbox 1368 1681 1544 1752; x_wconf 82' lang='lat' dir='ltr'><strong>translatis</strong></span> 
     </span>
     <span class='ocr_line' id='line_1_10' title="bbox 496 1796 1543 1891; baseline 0 -25"><span class='ocrx_word' id='word_1_67' title='bbox 496 1799 533 1866; x_wconf 92' lang='lat' dir='ltr'><strong>in</strong></span> <span class='ocrx_word' id='word_1_68' title='bbox 559 1820 597 1867; x_wconf 91' lang='lat' dir='ltr'><strong>se</strong></span> <span class='ocrx_word' id='word_1_69' title='bbox 622 1798 785 1891; x_wconf 86' lang='lat' dir='ltr'><strong>malignis</strong></span> <span class='ocrx_word' id='word_1_70' title='bbox 802 1820 924 1867; x_wconf 86' lang='lat' dir='ltr'><strong>eorum</strong></span> <span class='ocrx_word' id='word_1_71' title='bbox 942 1796 1226 1890; x_wconf 82' lang='lat' dir='ltr'><strong>cogitationibus,</strong></span> <span class='ocrx_word' id='word_1_72' title='bbox 1243 1796 1355 1867; x_wconf 89' lang='lat' dir='ltr'><strong>Judas</strong></span> <span class='ocrx_word' id='word_1_73' title='bbox 1371 1797 1543 1867; x_wconf 88' lang='lat' dir='ltr'><strong>malorum</strong></span> 
     </span>
     <span class='ocr_line' id='line_1_11' title="bbox 496 1913 1544 2006; baseline -0.001 -22"><span class='ocrx_word' id='word_1_74' title='bbox 496 1925 612 2005; x_wconf 87' lang='lat' dir='ltr'><strong>caput,</strong></span> <span class='ocrx_word' id='word_1_75' title='bbox 641 1925 679 1984; x_wconf 90' lang='lat' dir='ltr'><strong>et</strong></span> <span class='ocrx_word' id='word_1_76' title='bbox 712 1916 757 1984; x_wconf 85' lang='lat' dir='ltr'><strong>ad</strong></span> <span class='ocrx_word' id='word_1_77' title='bbox 787 1914 984 2006; x_wconf 85' lang='lat' dir='ltr'><strong>perfectum</strong></span> <span class='ocrx_word' id='word_1_78' title='bbox 1016 1913 1211 2005; x_wconf 88' lang='lat' dir='ltr'><strong>perducens</strong></span> <span class='ocrx_word' id='word_1_79' title='bbox 1240 1914 1361 2005; x_wconf 89' lang='lat' dir='ltr'><strong>iniqua</strong></span> <span class='ocrx_word' id='word_1_80' title='bbox 1389 1913 1544 1997; x_wconf 88' lang='lat' dir='ltr'><strong>consilia,</strong></span> 
     </span>
     <span class='ocr_line' id='line_1_12' title="bbox 496 2028 1544 2121; baseline 0.001 -24"><span class='ocrx_word' id='word_1_81' title='bbox 496 2028 644 2099; x_wconf 82' lang='lat' dir='ltr'><strong>effectus</strong></span> <span class='ocrx_word' id='word_1_82' title='bbox 673 2039 728 2099; x_wconf 85' lang='lat' dir='ltr'><strong>est</strong></span> <span class='ocrx_word' id='word_1_83' title='bbox 757 2029 897 2099; x_wconf 87' lang='lat' dir='ltr'><strong>sceleris</strong></span> <span class='ocrx_word' id='word_1_84' title='bbox 923 2039 1034 2121; x_wconf 87' lang='lat' dir='ltr'><strong>pater,</strong></span> <span class='ocrx_word' id='word_1_85' title='bbox 1052 2029 1283 2098; x_wconf 88' lang='lat' dir='ltr'><strong>immanitatis</strong></span> <span class='ocrx_word' id='word_1_86' title='bbox 1308 2052 1379 2099; x_wconf 84' lang='lat' dir='ltr'><strong>snoe</strong></span> <span class='ocrx_word' id='word_1_87' title='bbox 1398 2030 1544 2121; x_wconf 85' lang='lat' dir='ltr'><strong>praemio</strong></span> 
     </span>
     <span class='ocr_line' id='line_1_13' title="bbox 496 2142 1545 2238; baseline 0 -25"><span class='ocrx_word' id='word_1_88' title='bbox 496 2144 543 2213; x_wconf 91' lang='lat' dir='ltr'><strong>ab</strong></span> <span class='ocrx_word' id='word_1_89' title='bbox 568 2145 618 2214; x_wconf 87' lang='lat' dir='ltr'><strong>eis</strong></span> <span class='ocrx_word' id='word_1_90' title='bbox 644 2145 790 2238; x_wconf 87' lang='lat' dir='ltr'><strong>triginta</strong></span> <span class='ocrx_word' id='word_1_91' title='bbox 815 2146 991 2237; x_wconf 80' lang='lat' dir='ltr'><strong>argenteis</strong></span> <span class='ocrx_word' id='word_1_92' title='bbox 1015 2144 1226 2227; x_wconf 84' lang='lat' dir='ltr'><strong>honoratus3</strong></span> <span class='ocrx_word' id='word_1_93' title='bbox 1254 2153 1350 2216; x_wconf 90' lang='lat' dir='ltr'><strong>totus</strong></span> <span class='ocrx_word' id='word_1_94' title='bbox 1367 2146 1463 2214; x_wconf 92' lang='lat' dir='ltr'><strong>enim</strong></span> <span class='ocrx_word' id='word_1_95' title='bbox 1480 2142 1545 2214; x_wconf 84' lang='lat' dir='ltr'><strong>¹In</strong></span> 
     </span>
     <span class='ocr_line' id='line_1_14' title="bbox 497 2257 1544 2356; baseline -0.001 -26"><span class='ocrx_word' id='word_1_96' title='bbox 497 2283 573 2330; x_wconf 84' lang='lat' dir='ltr'><strong>eum</strong></span> <span class='ocrx_word' id='word_1_97' title='bbox 584 2268 666 2353; x_wconf 78' lang='lat' dir='ltr'><strong>post</strong></span> <span class='ocrx_word' id='word_1_98' title='bbox 682 2258 862 2330; x_wconf 80' lang='lat' dir='ltr'><strong>buccellam</strong></span> <span class='ocrx_word' id='word_1_99' title='bbox 879 2259 988 2354; x_wconf 78' lang='lat' dir='ltr'><strong>panio</strong></span> <span class='ocrx_word' id='word_1_100' title='bbox 1005 2260 1180 2356; x_wconf 75' lang='lat' dir='ltr'><strong>inpressas</strong></span> <span class='ocrx_word' id='word_1_101' title='bbox 1197 2268 1245 2330; x_wconf 82' lang='lat' dir='ltr'><strong>est</strong></span> <span class='ocrx_word' id='word_1_102' title='bbox 1261 2257 1441 2331; x_wconf 78' lang='lat' dir='ltr'><strong>Diabolus.</strong></span> <span class='ocrx_word' id='word_1_103' title='bbox 1472 2259 1544 2330; x_wconf 86' lang='lat' dir='ltr'><strong>Sed</strong></span> 
     </span>
     <span class='ocr_line' id='line_1_15' title="bbox 497 2376 1544 2469; baseline 0.002 -24"><span class='ocrx_word' id='word_1_104' title='bbox 497 2384 539 2445; x_wconf 91' lang='lat' dir='ltr'><strong>ut</strong></span> <span class='ocrx_word' id='word_1_105' title='bbox 566 2376 731 2458; x_wconf 85' lang='lat' dir='ltr'><strong>diximus,</strong></span> <span class='ocrx_word' id='word_1_106' title='bbox 748 2386 936 2469; x_wconf 89' lang='lat' dir='ltr'><strong>postquam</strong></span> <span class='ocrx_word' id='word_1_107' title='bbox 965 2386 1087 2446; x_wconf 89' lang='lat' dir='ltr'><strong>uterus</strong></span> <span class='ocrx_word' id='word_1_108' title='bbox 1114 2377 1294 2457; x_wconf 91' lang='lat' dir='ltr'><strong>intumuit,</strong></span> <span class='ocrx_word' id='word_1_109' title='bbox 1318 2386 1356 2447; x_wconf 91' lang='lat' dir='ltr'><strong>et</strong></span> <span class='ocrx_word' id='word_1_110' title='bbox 1384 2376 1544 2447; x_wconf 90' lang='lat' dir='ltr'><strong>dolorum</strong></span> 
     </span>
     <span class='ocr_line' id='line_1_16' title="bbox 497 2492 1545 2585; baseline 0.001 -24"><span class='ocrx_word' id='word_1_111' title='bbox 497 2502 639 2584; x_wconf 89' lang='lat' dir='ltr'><strong>tempus</strong></span> <span class='ocrx_word' id='word_1_112' title='bbox 656 2493 810 2575; x_wconf 88' lang='lat' dir='ltr'><strong>advenit,</strong></span> <span class='ocrx_word' id='word_1_113' title='bbox 827 2493 992 2563; x_wconf 88' lang='lat' dir='ltr'><strong>abortum</strong></span> <span class='ocrx_word' id='word_1_114' title='bbox 1010 2492 1140 2563; x_wconf 83' lang='lat' dir='ltr'><strong>fascem</strong></span> <span class='ocrx_word' id='word_1_115' title='bbox 1162 2493 1289 2583; x_wconf 86' lang='lat' dir='ltr'><strong>iniquae</strong></span> <span class='ocrx_word' id='word_1_116' title='bbox 1306 2494 1545 2585; x_wconf 84' lang='lat' dir='ltr'><strong>conceptionis</strong></span> 
     </span>
     <span class='ocr_line' id='line_1_17' title="bbox 497 2607 1545 2701; baseline -0.001 -23"><span class='ocrx_word' id='word_1_117' title='bbox 497 2607 633 2693; x_wconf 87' lang='lat' dir='ltr'><strong>effudit,</strong></span> <span class='ocrx_word' id='word_1_118' title='bbox 651 2618 689 2677; x_wconf 88' lang='lat' dir='ltr'><strong>et</strong></span> <span class='ocrx_word' id='word_1_119' title='bbox 714 2610 795 2678; x_wconf 89' lang='lat' dir='ltr'><strong>ideo</strong></span> <span class='ocrx_word' id='word_1_120' title='bbox 820 2631 886 2679; x_wconf 88' lang='lat' dir='ltr'><strong>nec</strong></span> <span class='ocrx_word' id='word_1_121' title='bbox 909 2610 1067 2701; x_wconf 88' lang='lat' dir='ltr'><strong>perfecte</strong></span> <span class='ocrx_word' id='word_1_122' title='bbox 1091 2616 1192 2700; x_wconf 89' lang='lat' dir='ltr'><strong>pater</strong></span> <span class='ocrx_word' id='word_1_123' title='bbox 1207 2609 1461 2701; x_wconf 87' lang='lat' dir='ltr'><strong>appellabatur,</strong></span> <span class='ocrx_word' id='word_1_124' title='bbox 1478 2609 1545 2678; x_wconf 85' lang='lat' dir='ltr'><strong>nisi</strong></span> 
     </span>
     <span class='ocr_line' id='line_1_18' title="bbox 497 2726 1544 2817; baseline 0 -23"><span class='ocrx_word' id='word_1_125' title='bbox 497 2747 541 2794; x_wconf 89' lang='lat' dir='ltr'><strong>eo</strong></span> <span class='ocrx_word' id='word_1_126' title='bbox 575 2732 716 2793; x_wconf 84' lang='lat' dir='ltr'><strong>tantum</strong></span> <span class='ocrx_word' id='word_1_127' title='bbox 750 2734 919 2816; x_wconf 88' lang='lat' dir='ltr'><strong>tempore,</strong></span> <span class='ocrx_word' id='word_1_128' title='bbox 956 2747 1027 2815; x_wconf 93' lang='lat' dir='ltr'><strong>quo</strong></span> <span class='ocrx_word' id='word_1_129' title='bbox 1061 2733 1254 2815; x_wconf 88' lang='lat' dir='ltr'><strong>conceptus</strong></span> <span class='ocrx_word' id='word_1_130' title='bbox 1286 2726 1476 2817; x_wconf 86' lang='lat' dir='ltr'><strong>gerebatur</strong></span> <span class='ocrx_word' id='word_1_131' title='bbox 1508 2726 1544 2794; x_wconf 93' lang='lat' dir='ltr'><strong>in</strong></span> 
     </span>
     <span class='ocr_line' id='line_1_19' title="bbox 497 2838 1545 2932; baseline 0.002 -25"><span class='ocrx_word' id='word_1_132' title='bbox 497 2848 620 2921; x_wconf 88' lang='lat' dir='ltr'><strong>utero;</strong></span> <span class='ocrx_word' id='word_1_133' title='bbox 646 2849 769 2931; x_wconf 87' lang='lat' dir='ltr'><strong>postea</strong></span> <span class='ocrx_word' id='word_1_134' title='bbox 786 2862 869 2909; x_wconf 87' lang='lat' dir='ltr'><strong>vcro</strong></span> <span class='ocrx_word' id='word_1_135' title='bbox 891 2861 999 2930; x_wconf 92' lang='lat' dir='ltr'><strong>quam</strong></span> <span class='ocrx_word' id='word_1_136' title='bbox 1023 2838 1184 2932; x_wconf 87' lang='lat' dir='ltr'><strong>confugit</strong></span> <span class='ocrx_word' id='word_1_137' title='bbox 1209 2840 1255 2908; x_wconf 87' lang='lat' dir='ltr'><strong>ad</strong></span> <span class='ocrx_word' id='word_1_138' title='bbox 1281 2839 1456 2931; x_wconf 87' lang='lat' dir='ltr'><strong>laqueum,</strong></span> <span class='ocrx_word' id='word_1_139' title='bbox 1474 2863 1545 2910; x_wconf 94' lang='lat' dir='ltr'><strong>non</strong></span> 
     </span>
     <span class='ocr_line' id='line_1_20' title="bbox 498 2953 1546 3047; baseline 0.003 -26"><span class='ocrx_word' id='word_1_140' title='bbox 498 2955 675 3046; x_wconf 89' lang='lat' dir='ltr'><strong>integrum</strong></span> <span class='ocrx_word' id='word_1_141' title='bbox 699 2954 840 3023; x_wconf 87' lang='lat' dir='ltr'><strong>videtur</strong></span> <span class='ocrx_word' id='word_1_142' title='bbox 868 2953 1019 3024; x_wconf 87' lang='lat' dir='ltr'><strong>edidisse</strong></span> <span class='ocrx_word' id='word_1_143' title='bbox 1049 2963 1202 3045; x_wconf 89' lang='lat' dir='ltr'><strong>partum,</strong></span> <span class='ocrx_word' id='word_1_144' title='bbox 1226 2954 1309 3046; x_wconf 92' lang='lat' dir='ltr'><strong>quia</strong></span> <span class='ocrx_word' id='word_1_145' title='bbox 1336 2956 1546 3047; x_wconf 83' lang='lat' dir='ltr'><strong>poenitentia</strong></span> 
     </span>
     <span class='ocr_line' id='line_1_21' title="bbox 498 3067 769 3139; baseline 0.007 -2"><span class='ocrx_word' id='word_1_146' title='bbox 498 3067 687 3139; x_wconf 89' lang='lat' dir='ltr'><strong>subsecuta</strong></span> <span class='ocrx_word' id='word_1_147' title='bbox 703 3078 769 3139; x_wconf 85' lang='lat' dir='ltr'><strong>est.</strong></span> 
     </span>
    </p>

    <p class='ocr_par' dir='ltr' id='par_1_3' title="bbox 497 3183 1547 4088">
     <span class='ocr_line' id='line_1_22' title="bbox 549 3183 1547 3279; baseline 0.004 -26"><span class='ocrx_word' id='word_1_148' title='bbox 549 3183 740 3256; x_wconf 85' lang='lat' dir='ltr'>XXXIV.</span> <span class='ocrx_word' id='word_1_149' title='bbox 767 3186 934 3279; x_wconf 90' lang='lat' dir='ltr'><strong>Ignorare</strong></span> <span class='ocrx_word' id='word_1_150' title='bbox 952 3207 1014 3256; x_wconf 86' lang='lat' dir='ltr'><strong>vos</strong></span> <span class='ocrx_word' id='word_1_151' title='bbox 1031 3208 1103 3255; x_wconf 94' lang='lat' dir='ltr'><strong>non</strong></span> <span class='ocrx_word' id='word_1_152' title='bbox 1120 3186 1279 3268; x_wconf 89' lang='lat' dir='ltr'><strong>arbitror,</strong></span> <span class='ocrx_word' id='word_1_153' title='bbox 1295 3188 1460 3278; x_wconf 91' lang='lat' dir='ltr'><strong>quoniam</strong></span> <span class='ocrx_word' id='word_1_154' title='bbox 1479 3185 1547 3257; x_wconf 91' lang='lat' dir='ltr'><strong>Pa-</strong></span> 
     </span>
     <span class='ocr_line' id='line_1_23' title="bbox 498 3301 1546 3405; baseline 0.003 -36"><span class='ocrx_word' id='word_1_155' title='bbox 498 3310 555 3370; x_wconf 87' lang='lat' dir='ltr'><strong>ter</strong></span> <span class='ocrx_word' id='word_1_156' title='bbox 578 3323 690 3371; x_wconf 92' lang='lat' dir='ltr'><strong>nuum</strong></span> <span class='ocrx_word' id='word_1_157' title='bbox 715 3302 861 3393; x_wconf 89' lang='lat' dir='ltr'><strong>quidem</strong></span> <span class='ocrx_word' id='word_1_158' title='bbox 886 3303 932 3371; x_wconf 94' lang='lat' dir='ltr'><strong>sit</strong></span> <span class='ocrx_word' id='word_1_159' title='bbox 957 3324 1099 3381; x_wconf 86' lang='lat' dir='ltr'><strong>nomen,</strong></span> <span class='ocrx_word' id='word_1_160' title='bbox 1122 3301 1276 3371; x_wconf 88' lang='lat' dir='ltr'><strong>diversos</strong></span> <span class='ocrx_word' id='word_1_161' title='bbox 1295 3311 1415 3371; x_wconf 88' lang='lat' dir='ltr'><strong>tamen</strong></span> <span class='ocrx_word' id='word_1_162' title='bbox 1439 3302 1546 3405; x_wconf 82' lang='lat' dir='ltr'><strong>habet</strong></span> 
     </span>
     <span class='ocr_line' id='line_1_24' title="bbox 498 3416 1547 3510; baseline 0.004 -27"><span class='ocrx_word' id='word_1_163' title='bbox 498 3416 718 3487; x_wconf 89' lang='lat' dir='ltr'><strong>intellectus:</strong></span> <span class='ocrx_word' id='word_1_164' title='bbox 757 3417 847 3487; x_wconf 85' lang='lat' dir='ltr'><strong>alius</strong></span> <span class='ocrx_word' id='word_1_165' title='bbox 876 3418 972 3486; x_wconf 91' lang='lat' dir='ltr'><strong>enim</strong></span> <span class='ocrx_word' id='word_1_166' title='bbox 1004 3426 1106 3510; x_wconf 86' lang='lat' dir='ltr'><strong>pater</strong></span> <span class='ocrx_word' id='word_1_167' title='bbox 1136 3417 1266 3487; x_wconf 92' lang='lat' dir='ltr'><strong>dicitnr</strong></span> <span class='ocrx_word' id='word_1_168' title='bbox 1296 3440 1429 3499; x_wconf 87' lang='lat' dir='ltr'><strong>eorum,</strong></span> <span class='ocrx_word' id='word_1_169' title='bbox 1459 3441 1547 3509; x_wconf 91' lang='lat' dir='ltr'><strong>quos</strong></span> 
     </span>
     <span class='ocr_line' id='line_1_25' title="bbox 497 3531 1546 3625; baseline 0.003 -25"><span class='ocrx_word' id='word_1_170' title='bbox 497 3531 705 3602; x_wconf 87' lang='lat' dir='ltr'><strong>naturaliter</strong></span> <span class='ocrx_word' id='word_1_171' title='bbox 742 3532 918 3625; x_wconf 87' lang='lat' dir='ltr'><strong>genuerit,</strong></span> <span class='ocrx_word' id='word_1_172' title='bbox 952 3532 1133 3616; x_wconf 80' lang='lat' dir='ltr'><strong>filiornm3</strong></span> <span class='ocrx_word' id='word_1_173' title='bbox 1175 3532 1264 3603; x_wconf 84' lang='lat' dir='ltr'><strong>alius</strong></span> <span class='ocrx_word' id='word_1_174' title='bbox 1299 3555 1380 3602; x_wconf 85' lang='lat' dir='ltr'><strong>vero</strong></span> <span class='ocrx_word' id='word_1_175' title='bbox 1414 3556 1546 3615; x_wconf 92' lang='lat' dir='ltr'><strong>eorum,</strong></span> 
     </span>
     <span class='ocr_line' id='line_1_26' title="bbox 498 3647 1547 3741; baseline 0 -25"><span class='ocrx_word' id='word_1_176' title='bbox 498 3670 586 3738; x_wconf 90' lang='lat' dir='ltr'><strong>quos</strong></span> <span class='ocrx_word' id='word_1_177' title='bbox 611 3648 859 3718; x_wconf 92' lang='lat' dir='ltr'><strong>tantummodo</strong></span> <span class='ocrx_word' id='word_1_178' title='bbox 883 3648 1092 3731; x_wconf 82' lang='lat' dir='ltr'><strong>enutrierit3</strong></span> <span class='ocrx_word' id='word_1_179' title='bbox 1117 3647 1278 3718; x_wconf 94' lang='lat' dir='ltr'><strong>nonnulli</strong></span> <span class='ocrx_word' id='word_1_180' title='bbox 1302 3671 1386 3717; x_wconf 87' lang='lat' dir='ltr'><strong>vcro</strong></span> <span class='ocrx_word' id='word_1_181' title='bbox 1409 3657 1547 3741; x_wconf 89' lang='lat' dir='ltr'><strong>tempo-</strong></span> 
     </span>
     <span class='ocr_line' id='line_1_27' title="bbox 498 3763 1547 3862; baseline 0.001 -30"><span class='ocrx_word' id='word_1_182' title='bbox 498 3763 555 3845; x_wconf 90' lang='lat' dir='ltr'><strong>ris,</strong></span> <span class='ocrx_word' id='word_1_183' title='bbox 572 3772 680 3853; x_wconf 90' lang='lat' dir='ltr'><strong>atque</strong></span> <span class='ocrx_word' id='word_1_184' title='bbox 702 3764 819 3835; x_wconf 85' lang='lat' dir='ltr'><strong>aetatis</strong></span> <span class='ocrx_word' id='word_1_185' title='bbox 839 3763 1043 3857; x_wconf 82' lang='lat' dir='ltr'><strong>privilegi03</strong></span> <span class='ocrx_word' id='word_1_186' title='bbox 1069 3765 1164 3836; x_wconf 87' lang='lat' dir='ltr'><strong>unde</strong></span> <span class='ocrx_word' id='word_1_187' title='bbox 1182 3773 1224 3862; x_wconf 86' lang='lat' dir='ltr'><strong>et</strong></span> <span class='ocrx_word' id='word_1_188' title='bbox 1235 3765 1411 3834; x_wconf 92' lang='lat' dir='ltr'><strong>Dominus</strong></span> <span class='ocrx_word' id='word_1_189' title='bbox 1428 3773 1547 3834; x_wconf 87' lang='lat' dir='ltr'><strong>noster</strong></span> 
     </span>
     <span class='ocr_line' id='line_1_28' title="bbox 498 3878 1545 3972; baseline 0.003 -25"><span class='ocrx_word' id='word_1_190' title='bbox 498 3878 602 3947; x_wconf 90' lang='lat' dir='ltr'><strong>Jesus</strong></span> <span class='ocrx_word' id='word_1_191' title='bbox 623 3878 792 3970; x_wconf 91' lang='lat' dir='ltr'><strong>plurimos</strong></span> <span class='ocrx_word' id='word_1_192' title='bbox 817 3889 935 3972; x_wconf 89' lang='lat' dir='ltr'><strong>patres</strong></span> <span class='ocrx_word' id='word_1_193' title='bbox 961 3880 1091 3950; x_wconf 85' lang='lat' dir='ltr'><strong>habere</strong></span> <span class='ocrx_word' id='word_1_194' title='bbox 1117 3878 1255 3961; x_wconf 89' lang='lat' dir='ltr'><strong>dicitur,</strong></span> <span class='ocrx_word' id='word_1_195' title='bbox 1274 3903 1354 3949; x_wconf 90' lang='lat' dir='ltr'><strong>nam</strong></span> <span class='ocrx_word' id='word_1_196' title='bbox 1374 3889 1412 3949; x_wconf 90' lang='lat' dir='ltr'><strong>et</strong></span> <span class='ocrx_word' id='word_1_197' title='bbox 1428 3880 1545 3950; x_wconf 79' lang='lat' dir='ltr'><strong>David</strong></span> 
     </span>
     <span class='ocr_line' id='line_1_29' title="bbox 499 3995 1547 4088; baseline 0.003 -25"><span class='ocrx_word' id='word_1_198' title='bbox 499 4004 600 4085; x_wconf 87' lang='lat' dir='ltr'><strong>pater</strong></span> <span class='ocrx_word' id='word_1_199' title='bbox 622 3996 697 4086; x_wconf 89' lang='lat' dir='ltr'><strong>ejus</strong></span> <span class='ocrx_word' id='word_1_200' title='bbox 719 3995 917 4088; x_wconf 90' lang='lat' dir='ltr'><strong>appellatus</strong></span> <span class='ocrx_word' id='word_1_201' title='bbox 940 4006 1004 4078; x_wconf 89' lang='lat' dir='ltr'><strong>est,</strong></span> <span class='ocrx_word' id='word_1_202' title='bbox 1023 4006 1061 4066; x_wconf 92' lang='lat' dir='ltr'><strong>et</strong></span> <span class='ocrx_word' id='word_1_203' title='bbox 1077 3995 1212 4088; x_wconf 87' lang='lat' dir='ltr'><strong>Joseph</strong></span> <span class='ocrx_word' id='word_1_204' title='bbox 1235 4006 1336 4088; x_wconf 88' lang='lat' dir='ltr'><strong>pater</strong></span> <span class='ocrx_word' id='word_1_205' title='bbox 1352 3996 1427 4087; x_wconf 86' lang='lat' dir='ltr'><strong>ejus</strong></span> <span class='ocrx_word' id='word_1_206' title='bbox 1445 4006 1547 4088; x_wconf 86' lang='lat' dir='ltr'><strong>puta·</strong></span> 
     </span>
    </p>

    <p class='ocr_par' dir='ltr' id='par_1_4' title="bbox 468 4110 1547 4435">
     <span class='ocr_line' id='line_1_30' title="bbox 499 4110 1546 4204; baseline 0.004 -27"><span class='ocrx_word' id='word_1_207' title='bbox 499 4117 556 4178; x_wconf 89' lang='lat' dir='ltr'><strong>tus</strong></span> <span class='ocrx_word' id='word_1_208' title='bbox 573 4120 637 4192; x_wconf 88' lang='lat' dir='ltr'><strong>cst,</strong></span> <span class='ocrx_word' id='word_1_209' title='bbox 656 4134 738 4180; x_wconf 86' lang='lat' dir='ltr'><strong>cum</strong></span> <span class='ocrx_word' id='word_1_210' title='bbox 762 4111 880 4181; x_wconf 90' lang='lat' dir='ltr'><strong>nullus</strong></span> <span class='ocrx_word' id='word_1_211' title='bbox 898 4111 1024 4180; x_wconf 92' lang='lat' dir='ltr'><strong>horum</strong></span> <span class='ocrx_word' id='word_1_212' title='bbox 1050 4121 1151 4204; x_wconf 89' lang='lat' dir='ltr'><strong>pater</strong></span> <span class='ocrx_word' id='word_1_213' title='bbox 1174 4112 1250 4202; x_wconf 89' lang='lat' dir='ltr'><strong>ejus</strong></span> <span class='ocrx_word' id='word_1_214' title='bbox 1273 4110 1379 4180; x_wconf 89' lang='lat' dir='ltr'><strong>fuerit</strong></span> <span class='ocrx_word' id='word_1_215' title='bbox 1397 4112 1546 4181; x_wconf 82' lang='lat' dir='ltr'><strong>veritate</strong></span> 
     </span>
     <span class='ocr_line' id='line_1_31' title="bbox 468 4208 1546 4320; baseline 0.004 -28"><span class='ocrx_word' id='word_1_216' title='bbox 468 4208 470 4212; x_wconf 35' lang='lat'>¹</span> <span class='ocrx_word' id='word_1_217' title='bbox 499 4234 646 4296; x_wconf 86' lang='lat' dir='ltr'><strong>naturae.</strong></span> <span class='ocrx_word' id='word_1_218' title='bbox 699 4226 793 4295; x_wconf 91' lang='lat' dir='ltr'><strong>Nam</strong></span> <span class='ocrx_word' id='word_1_219' title='bbox 820 4227 936 4297; x_wconf 86' lang='lat' dir='ltr'><strong>David</strong></span> <span class='ocrx_word' id='word_1_220' title='bbox 966 4243 1068 4320; x_wconf 87' lang='lat' dir='ltr'><strong>pater</strong></span> <span class='ocrx_word' id='word_1_221' title='bbox 1098 4229 1174 4320; x_wconf 87' lang='lat' dir='ltr'><strong>ejus</strong></span> <span class='ocrx_word' id='word_1_222' title='bbox 1204 4227 1333 4295; x_wconf 90' lang='lat' dir='ltr'><strong>dicitur</strong></span> <span class='ocrx_word' id='word_1_223' title='bbox 1360 4226 1482 4308; x_wconf 86' lang='lat' dir='ltr'><strong>aetatis,</strong></span> <span class='ocrx_word' id='word_1_224' title='bbox 1504 4250 1546 4296; x_wconf 90' lang='lat' dir='ltr'><strong>ac</strong></span> 
     </span>
     <span class='ocr_line' id='line_1_32' title="bbox 499 4341 1547 4435; baseline 0.003 -29"><span class='ocrx_word' id='word_1_225' title='bbox 499 4342 667 4431; x_wconf 90' lang='lat' dir='ltr'><strong>temporis</strong></span> <span class='ocrx_word' id='word_1_226' title='bbox 684 4341 889 4434; x_wconf 83' lang='lat' dir='ltr'><strong>privilegi03</strong></span> <span class='ocrx_word' id='word_1_227' title='bbox 915 4341 1049 4433; x_wconf 87' lang='lat' dir='ltr'><strong>Joseph</strong></span> <span class='ocrx_word' id='word_1_228' title='bbox 1070 4365 1151 4411; x_wconf 85' lang='lat' dir='ltr'><strong>vero</strong></span> <span class='ocrx_word' id='word_1_229' title='bbox 1174 4343 1251 4435; x_wconf 86' lang='lat' dir='ltr'><strong>lege</strong></span> <span class='ocrx_word' id='word_1_230' title='bbox 1269 4341 1466 4422; x_wconf 89' lang='lat' dir='ltr'><strong>nutriendi;</strong></span> <span class='ocrx_word' id='word_1_231' title='bbox 1493 4364 1547 4410; x_wconf 90' lang='lat' dir='ltr'><strong>so·</strong></span> 
     </span>
    </p>
   </div>
   <div class='ocr_carea' id='block_1_3' title="bbox 899 4625 1143 4699">
    <p class='ocr_par' dir='ltr' id='par_1_5' title="bbox 899 4625 1143 4699">
     <span class='ocr_line' id='line_1_33' title="bbox 899 4625 1143 4699; baseline 0 -18"><span class='ocrx_word' id='word_1_232' title='bbox 899 4631 905 4652; x_wconf 90' lang='lat'><strong>¹</strong></span> <span class='ocrx_word' id='word_1_233' title='bbox 921 4625 1003 4681; x_wconf 87' lang='lat' dir='ltr'><strong>Joan.</strong></span> <span class='ocrx_word' id='word_1_234' title='bbox 1021 4626 1078 4682; x_wconf 84' lang='lat' dir='ltr'><strong>xiii.</strong></span> <span class='ocrx_word' id='word_1_235' title='bbox 1097 4644 1143 4699; x_wconf 90' lang='lat'><strong>27.</strong></span> 
     </span>
    </p>
   </div>
   <div class='ocr_carea' id='block_1_4' title="bbox 0 0 1917 5692">
    <p class='ocr_par' dir='ltr' id='par_1_6' title="bbox 0 0 1917 5692">
     <span class='ocr_line' id='line_1_34' title="bbox 0 0 1917 5692; baseline 0 0"><span class='ocrx_word' id='word_1_236' title='bbox 0 0 1917 5692; x_wconf 95' lang='lat' dir='ltr'><strong> </strong></span> 
     </span>
    </p>
   </div>
  </div>
 </body>
</html>
