<?xml version="1.0" encoding="UTF-8"?>
<!DOCTYPE html PUBLIC "-//W3C//DTD XHTML 1.0 Transitional//EN"
    "http://www.w3.org/TR/xhtml1/DTD/xhtml1-transitional.dtd">
<html xmlns="http://www.w3.org/1999/xhtml" xml:lang="en" lang="en">
 <head>
  <title>
</title>
<meta http-equiv="Content-Type" content="text/html;charset=utf-8" />
  <meta name='ocr-system' content='tesseract 3.04.00' />
  <meta name='ocr-capabilities' content='ocr_page ocr_carea ocr_par ocr_line ocrx_word'/>
</head>
<body>
  <div class='ocr_page' id='page_1' title='image "./reliquiaesacrae02routgoog_0322.png"; bbox 0 0 3817 5692; ppageno 0'>
   <div class='ocr_carea' id='block_1_1' title="bbox 529 688 1382 785">
    <p class='ocr_par' dir='ltr' id='par_1_1' title="bbox 529 688 1382 785">
     <span class='ocr_line' id='line_1_1' title="bbox 529 688 1382 785; baseline -0.011 -25"><span class='ocrx_word' id='word_1_1' title='bbox 529 692 593 760; x_wconf 71' lang='lat'>298</span> <span class='ocrx_word' id='word_1_2' title='bbox 723 691 787 754; x_wconf 87' lang='lat' dir='ltr'>DE</span> <span class='ocrx_word' id='word_1_3' title='bbox 812 689 1196 785; x_wconf 70' lang='lat' dir='ltr'>REBnPTISMATE</span> <span class='ocrx_word' id='word_1_4' title='bbox 1221 688 1382 753; x_wconf 88' lang='lat' dir='ltr'><strong>LIBER.</strong></span> 
     </span>
    </p>
   </div>
   <div class='ocr_carea' id='block_1_2' title="bbox 528 862 1577 1189">
    <p class='ocr_par' dir='ltr' id='par_1_2' title="bbox 528 862 1577 1189">
     <span class='ocr_line' id='line_1_2' title="bbox 528 862 1576 956; baseline -0.002 -19"><span class='ocrx_word' id='word_1_5' title='bbox 528 865 665 938; x_wconf 83' lang='lat' dir='ltr'>nominc</span> <span class='ocrx_word' id='word_1_6' title='bbox 682 863 830 936; x_wconf 79' lang='lat' dir='ltr'><em>Domini</em></span> <span class='ocrx_word' id='word_1_7' title='bbox 847 862 959 943; x_wconf 84' lang='lat' dir='ltr'>Jcsu,·</span> <span class='ocrx_word' id='word_1_8' title='bbox 986 863 1162 934; x_wconf 82' lang='lat' dir='ltr'>Dominus</span> <span class='ocrx_word' id='word_1_9' title='bbox 1185 885 1327 955; x_wconf 91' lang='lat' dir='ltr'>quoque</span> <span class='ocrx_word' id='word_1_10' title='bbox 1352 871 1472 934; x_wconf 90' lang='lat' dir='ltr'>noster</span> <span class='ocrx_word' id='word_1_11' title='bbox 1495 871 1576 956; x_wconf 89' lang='lat' dir='ltr'>post</span> 
     </span>
     <span class='ocr_line' id='line_1_3' title="bbox 528 977 1577 1071; baseline -0.002 -19"><span class='ocrx_word' id='word_1_12' title='bbox 528 981 829 1059; x_wconf 75' lang='lat' dir='ltr'>resurrectionem,</span> <span class='ocrx_word' id='word_1_13' title='bbox 847 1002 929 1050; x_wconf 88' lang='lat' dir='ltr'>cum</span> <span class='ocrx_word' id='word_1_14' title='bbox 947 977 1158 1049; x_wconf 79' lang='lat' dir='ltr'>insufflasset</span> <span class='ocrx_word' id='word_1_15' title='bbox 1174 990 1212 1049; x_wconf 91' lang='lat' dir='ltr'>et</span> <span class='ocrx_word' id='word_1_16' title='bbox 1235 980 1384 1051; x_wconf 82' lang='lat' dir='ltr'>dixisset</span> <span class='ocrx_word' id='word_1_17' title='bbox 1407 979 1577 1071; x_wconf 79' lang='lat' dir='ltr'>apostolis</span> 
     </span>
     <span class='ocr_line' id='line_1_4' title="bbox 529 1093 1576 1189; baseline -0.001 -23"><span class='ocrx_word' id='word_1_18' title='bbox 529 1095 609 1177; x_wconf 87' lang='lat' dir='ltr'>suis,</span> <span class='ocrx_word' id='word_1_19' title='bbox 626 1093 786 1189; x_wconf 77' lang='lat' dir='ltr'>Accipite</span> <span class='ocrx_word' id='word_1_20' title='bbox 801 1093 976 1188; x_wconf 78' lang='lat' dir='ltr'>Spiritum</span> <span class='ocrx_word' id='word_1_21' title='bbox 998 1100 1166 1175; x_wconf 74' lang='lat' dir='ltr'>sarnetum,</span> <span class='ocrx_word' id='word_1_22' title='bbox 1184 1094 1235 1165; x_wconf 89' lang='lat' dir='ltr'>ita</span> <span class='ocrx_word' id='word_1_23' title='bbox 1259 1096 1405 1166; x_wconf 91' lang='lat' dir='ltr'>demum</span> <span class='ocrx_word' id='word_1_24' title='bbox 1427 1094 1576 1189; x_wconf 85' lang='lat' dir='ltr'>largitus</span> 
     </span>
    </p>
   </div>
   <div class='ocr_carea' id='block_1_3' title="bbox 399 1201 1575 1303">
    <p class='ocr_par' dir='ltr' id='par_1_3' title="bbox 399 1201 1575 1303">
     <span class='ocr_line' id='line_1_5' title="bbox 399 1201 1575 1303; baseline -0.002 -21"><span class='ocrx_word' id='word_1_25' title='bbox 399 1201 406 1218; x_wconf 70' lang='lat'>⁸</span> <span class='ocrx_word' id='word_1_26' title='bbox 528 1211 579 1282; x_wconf 88' lang='lat' dir='ltr'>eis</span> <span class='ocrx_word' id='word_1_27' title='bbox 597 1209 786 1302; x_wconf 82' lang='lat' dir='ltr'>&#39;Spiritum</span> <span class='ocrx_word' id='word_1_28' title='bbox 805 1220 966 1281; x_wconf 90' lang='lat' dir='ltr'>sanctum</span> <span class='ocrx_word' id='word_1_29' title='bbox 987 1214 1081 1297; x_wconf 89' lang='lat' dir='ltr'>[cum</span> <span class='ocrx_word' id='word_1_30' title='bbox 1100 1210 1165 1296; x_wconf 91' lang='lat' dir='ltr'>ita]</span> <span class='ocrx_word' id='word_1_31' title='bbox 1181 1209 1378 1294; x_wconf 82' lang='lat' dir='ltr'>invenitur3</span> <span class='ocrx_word' id='word_1_32' title='bbox 1405 1210 1490 1303; x_wconf 91' lang='lat' dir='ltr'>quid</span> <span class='ocrx_word' id='word_1_33' title='bbox 1508 1210 1575 1280; x_wconf 90' lang='lat' dir='ltr'>tibi</span> 
     </span>
    </p>
   </div>
   <div class='ocr_carea' id='block_1_4' title="bbox 526 1314 1577 2226">
    <p class='ocr_par' dir='ltr' id='par_1_4' title="bbox 526 1314 1577 2226">
     <span class='ocr_line' id='line_1_6' title="bbox 527 1314 1574 1419; baseline -0.002 -22"><span class='ocrx_word' id='word_1_34' title='bbox 527 1327 645 1410; x_wconf 82' lang='lat' dir='ltr'>freter,</span> <span class='ocrx_word' id='word_1_35' title='bbox 663 1325 827 1397; x_wconf 71' lang='lat' dir='ltr'>videtur?</span> <span class='ocrx_word' id='word_1_36' title='bbox 864 1325 902 1396; x_wconf 89' lang='lat' dir='ltr'>Si</span> <span class='ocrx_word' id='word_1_37' title='bbox 920 1327 999 1418; x_wconf 92' lang='lat' dir='ltr'>quis</span> <span class='ocrx_word' id='word_1_38' title='bbox 1021 1349 1093 1395; x_wconf 92' lang='lat' dir='ltr'>non</span> <span class='ocrx_word' id='word_1_39' title='bbox 1119 1328 1164 1396; x_wconf 89' lang='lat' dir='ltr'>ab</span> <span class='ocrx_word' id='word_1_40' title='bbox 1189 1327 1354 1419; x_wconf 86' lang='lat' dir='ltr'>episcopo</span> <span class='ocrx_word' id='word_1_41' title='bbox 1375 1314 1574 1418; x_wconf 85' lang='lat' dir='ltr'>baptizatus</span> 
     </span>
     <span class='ocr_line' id='line_1_7' title="bbox 526 1443 1573 1536; baseline -0.002 -23"><span class='ocrx_word' id='word_1_42' title='bbox 526 1444 578 1515; x_wconf 89' lang='lat' dir='ltr'>ita</span> <span class='ocrx_word' id='word_1_43' title='bbox 605 1454 648 1513; x_wconf 91' lang='lat' dir='ltr'>ut</span> <span class='ocrx_word' id='word_1_44' title='bbox 675 1444 704 1513; x_wconf 91' lang='lat' dir='ltr'>si</span> <span class='ocrx_word' id='word_1_45' title='bbox 731 1444 767 1513; x_wconf 92' lang='lat' dir='ltr'>in</span> <span class='ocrx_word' id='word_1_46' title='bbox 794 1443 990 1513; x_wconf 89' lang='lat' dir='ltr'>continenti</span> <span class='ocrx_word' id='word_1_47' title='bbox 1017 1443 1124 1512; x_wconf 89' lang='lat' dir='ltr'>etiarn</span> <span class='ocrx_word' id='word_1_48' title='bbox 1151 1464 1277 1512; x_wconf 88' lang='lat' dir='ltr'>manus</span> <span class='ocrx_word' id='word_1_49' title='bbox 1302 1444 1334 1513; x_wconf 88' lang='lat' dir='ltr'>ei</span> <span class='ocrx_word' id='word_1_50' title='bbox 1361 1444 1573 1536; x_wconf 88' lang='lat' dir='ltr'>imponatur,</span> 
     </span>
     <span class='ocr_line' id='line_1_8' title="bbox 526 1556 1575 1651; baseline -0.002 -24"><span class='ocrx_word' id='word_1_51' title='bbox 526 1558 728 1651; x_wconf 85' lang='lat' dir='ltr'>priusquam</span> <span class='ocrx_word' id='word_1_52' title='bbox 755 1567 874 1628; x_wconf 87' lang='lat' dir='ltr'>tamen</span> <span class='ocrx_word' id='word_1_53' title='bbox 901 1557 1053 1648; x_wconf 87' lang='lat' dir='ltr'>accipiat</span> <span class='ocrx_word' id='word_1_54' title='bbox 1078 1556 1250 1649; x_wconf 85' lang='lat' dir='ltr'>Spiritum</span> <span class='ocrx_word' id='word_1_55' title='bbox 1278 1567 1449 1640; x_wconf 87' lang='lat' dir='ltr'>sanctum,</span> <span class='ocrx_word' id='word_1_56' title='bbox 1467 1557 1575 1626; x_wconf 88' lang='lat' dir='ltr'>fuerit</span> 
     </span>
     <span class='ocr_line' id='line_1_9' title="bbox 526 1672 1574 1766; baseline -0.004 -23"><span class='ocrx_word' id='word_1_57' title='bbox 526 1674 726 1756; x_wconf 84' lang='lat' dir='ltr'>defunctus,</span> <span class='ocrx_word' id='word_1_58' title='bbox 753 1682 873 1744; x_wconf 91' lang='lat' dir='ltr'>utrum</span> <span class='ocrx_word' id='word_1_59' title='bbox 905 1695 1048 1743; x_wconf 86' lang='lat' dir='ltr'>censeas</span> <span class='ocrx_word' id='word_1_60' title='bbox 1073 1672 1223 1743; x_wconf 85' lang='lat' dir='ltr'>salutem</span> <span class='ocrx_word' id='word_1_61' title='bbox 1253 1674 1448 1766; x_wconf 85' lang='lat' dir='ltr'>percepisse</span> <span class='ocrx_word' id='word_1_62' title='bbox 1477 1692 1574 1751; x_wconf 88' lang='lat' dir='ltr'>eum,</span> 
     </span>
     <span class='ocr_line' id='line_1_10' title="bbox 526 1785 1576 1885; baseline -0.005 -26"><span class='ocrx_word' id='word_1_63' title='bbox 526 1812 593 1861; x_wconf 91' lang='lat' dir='ltr'>nec</span> <span class='ocrx_word' id='word_1_64' title='bbox 619 1788 687 1859; x_wconf 74' lang='lat' dir='ltr'>ue?</span> <span class='ocrx_word' id='word_1_65' title='bbox 714 1788 880 1885; x_wconf 84' lang='lat' dir='ltr'>quoniam</span> <span class='ocrx_word' id='word_1_66' title='bbox 906 1788 1050 1879; x_wconf 90' lang='lat' dir='ltr'>quidem</span> <span class='ocrx_word' id='word_1_67' title='bbox 1077 1797 1115 1857; x_wconf 85' lang='lat' dir='ltr'>et</span> <span class='ocrx_word' id='word_1_68' title='bbox 1140 1787 1205 1879; x_wconf 86' lang='lat' dir='ltr'>ipsi</span> <span class='ocrx_word' id='word_1_69' title='bbox 1231 1787 1382 1880; x_wconf 89' lang='lat' dir='ltr'>apostoli</span> <span class='ocrx_word' id='word_1_70' title='bbox 1410 1797 1448 1857; x_wconf 90' lang='lat' dir='ltr'>et</span> <span class='ocrx_word' id='word_1_71' title='bbox 1471 1785 1576 1856; x_wconf 89' lang='lat' dir='ltr'>disci-</span> 
     </span>
     <span class='ocr_line' id='line_1_11' title="bbox 526 1901 1574 1998; baseline -0.006 -22"><span class='ocrx_word' id='word_1_72' title='bbox 526 1904 612 1998; x_wconf 89' lang='lat' dir='ltr'>puli,</span> <span class='ocrx_word' id='word_1_73' title='bbox 625 1903 685 1995; x_wconf 92' lang='lat' dir='ltr'>qui</span> <span class='ocrx_word' id='word_1_74' title='bbox 703 1903 810 1973; x_wconf 87' lang='lat' dir='ltr'>etiarn</span> <span class='ocrx_word' id='word_1_75' title='bbox 829 1902 916 1973; x_wconf 88' lang='lat' dir='ltr'>alios</span> <span class='ocrx_word' id='word_1_76' title='bbox 932 1902 1172 1995; x_wconf 85' lang='lat' dir='ltr'>baptizabant,</span> <span class='ocrx_word' id='word_1_77' title='bbox 1185 1903 1245 1994; x_wconf 92' lang='lat' dir='ltr'>qui</span> <span class='ocrx_word' id='word_1_78' title='bbox 1263 1902 1370 1973; x_wconf 88' lang='lat' dir='ltr'>etiam</span> <span class='ocrx_word' id='word_1_79' title='bbox 1385 1901 1574 1972; x_wconf 87' lang='lat' dir='ltr'>aDomino</span> 
     </span>
     <span class='ocr_line' id='line_1_12' title="bbox 526 2016 1577 2110; baseline -0.002 -21"><span class='ocrx_word' id='word_1_80' title='bbox 526 2016 615 2089; x_wconf 82' lang='lat' dir='ltr'>³sint</span> <span class='ocrx_word' id='word_1_81' title='bbox 639 2018 819 2110; x_wconf 85' lang='lat' dir='ltr'>baptizati,</span> <span class='ocrx_word' id='word_1_82' title='bbox 846 2041 917 2089; x_wconf 91' lang='lat' dir='ltr'>non</span> <span class='ocrx_word' id='word_1_83' title='bbox 944 2019 1064 2089; x_wconf 80' lang='lat' dir='ltr'>stetim</span> <span class='ocrx_word' id='word_1_84' title='bbox 1090 2018 1262 2110; x_wconf 86' lang='lat' dir='ltr'>Spiritum</span> <span class='ocrx_word' id='word_1_85' title='bbox 1288 2028 1449 2089; x_wconf 88' lang='lat' dir='ltr'>sanctum</span> <span class='ocrx_word' id='word_1_86' title='bbox 1473 2040 1577 2087; x_wconf 81' lang='lat' dir='ltr'>ncce-</span> 
     </span>
     <span class='ocr_line' id='line_1_13' title="bbox 526 2130 1575 2226; baseline -0.002 -23"><span class='ocrx_word' id='word_1_87' title='bbox 526 2134 653 2225; x_wconf 89' lang='lat' dir='ltr'>perint‚</span> <span class='ocrx_word' id='word_1_88' title='bbox 671 2130 750 2226; x_wconf 74' lang='lat' dir='ltr'>‘qui</span> <span class='ocrx_word' id='word_1_89' title='bbox 774 2136 932 2204; x_wconf 90' lang='lat' dir='ltr'>nondum</span> <span class='ocrx_word' id='word_1_90' title='bbox 950 2143 1036 2217; x_wconf 85' lang='lat' dir='ltr'>erat,</span> <span class='ocrx_word' id='word_1_91' title='bbox 1054 2137 1137 2226; x_wconf 91' lang='lat' dir='ltr'>quia</span> <span class='ocrx_word' id='word_1_92' title='bbox 1153 2134 1259 2204; x_wconf 89' lang='lat' dir='ltr'>Jesus</span> <span class='ocrx_word' id='word_1_93' title='bbox 1276 2134 1432 2203; x_wconf 87' lang='lat' dir='ltr'>nondum</span> <span class='ocrx_word' id='word_1_94' title='bbox 1456 2133 1575 2202; x_wconf 86' lang='lat' dir='ltr'>fuerat</span> 
     </span>
    </p>
   </div>
   <div class='ocr_carea' id='block_1_5' title="bbox 397 2245 1577 2342">
    <p class='ocr_par' dir='ltr' id='par_1_5' title="bbox 397 2245 1577 2342">
     <span class='ocr_line' id='line_1_14' title="bbox 397 2245 1577 2342; baseline -0.002 -25"><span class='ocrx_word' id='word_1_95' title='bbox 397 2254 405 2269; x_wconf 82' lang='lat'>‘</span> <span class='ocrx_word' id='word_1_96' title='bbox 526 2245 746 2331; x_wconf 87' lang='lat' dir='ltr'>clarificatus,</span> <span class='ocrx_word' id='word_1_97' title='bbox 772 2250 834 2318; x_wconf 90' lang='lat' dir='ltr'>sed</span> <span class='ocrx_word' id='word_1_98' title='bbox 866 2258 946 2341; x_wconf 89' lang='lat' dir='ltr'>post</span> <span class='ocrx_word' id='word_1_99' title='bbox 976 2251 1268 2321; x_wconf 81' lang='lat' dir='ltr'>resurrectionem</span> <span class='ocrx_word' id='word_1_100' title='bbox 1294 2248 1381 2342; x_wconf 89' lang='lat' dir='ltr'>ejus,</span> <span class='ocrx_word' id='word_1_101' title='bbox 1408 2269 1473 2317; x_wconf 89' lang='lat' dir='ltr'>nec</span> <span class='ocrx_word' id='word_1_102' title='bbox 1497 2268 1577 2315; x_wconf 86' lang='lat' dir='ltr'>mo-</span> 
     </span>
    </p>
   </div>
   <div class='ocr_carea' id='block_1_6' title="bbox 526 2361 1575 2687">
    <p class='ocr_par' dir='ltr' id='par_1_6' title="bbox 526 2361 1575 2687">
     <span class='ocr_line' id='line_1_15' title="bbox 526 2361 1575 2457; baseline 0.001 -26"><span class='ocrx_word' id='word_1_103' title='bbox 526 2361 644 2432; x_wconf 87' lang='lat' dir='ltr'>dicum</span> <span class='ocrx_word' id='word_1_104' title='bbox 670 2362 897 2434; x_wconf 88' lang='lat' dir='ltr'>intervallum</span> <span class='ocrx_word' id='word_1_105' title='bbox 920 2366 1102 2457; x_wconf 90' lang='lat' dir='ltr'>temporis,</span> <span class='ocrx_word' id='word_1_106' title='bbox 1120 2368 1208 2456; x_wconf 79' lang='lat' dir='ltr'>⁵qu0</span> <span class='ocrx_word' id='word_1_107' title='bbox 1226 2365 1261 2434; x_wconf 93' lang='lat' dir='ltr'>id</span> <span class='ocrx_word' id='word_1_108' title='bbox 1278 2372 1419 2457; x_wconf 85' lang='lat' dir='ltr'>gestum</span> <span class='ocrx_word' id='word_1_109' title='bbox 1437 2372 1501 2445; x_wconf 86' lang='lat' dir='ltr'>est,</span> <span class='ocrx_word' id='word_1_110' title='bbox 1520 2362 1575 2432; x_wconf 90' lang='lat' dir='ltr'>in·</span> 
     </span>
     <span class='ocr_line' id='line_1_16' title="bbox 526 2476 1575 2571; baseline 0.004 -27"><span class='ocrx_word' id='word_1_111' title='bbox 526 2478 737 2548; x_wconf 84' lang='lat' dir='ltr'>tercesserit.</span> <span class='ocrx_word' id='word_1_112' title='bbox 789 2476 905 2549; x_wconf 88' lang='lat' dir='ltr'>Sicuti</span> <span class='ocrx_word' id='word_1_113' title='bbox 923 2487 1059 2549; x_wconf 91' lang='lat' dir='ltr'>etcum</span> <span class='ocrx_word' id='word_1_114' title='bbox 1078 2477 1247 2571; x_wconf 81' lang='lat' dir='ltr'>baptizati</span> <span class='ocrx_word' id='word_1_115' title='bbox 1271 2487 1353 2547; x_wconf 90' lang='lat' dir='ltr'>sunt</span> <span class='ocrx_word' id='word_1_116' title='bbox 1370 2500 1391 2547; x_wconf 89' lang='lat' dir='ltr'>a</span> <span class='ocrx_word' id='word_1_117' title='bbox 1408 2476 1575 2570; x_wconf 90' lang='lat' dir='ltr'>Philippo</span> 
     </span>
     <span class='ocr_line' id='line_1_17' title="bbox 527 2590 1574 2687; baseline 0 -26"><span class='ocrx_word' id='word_1_118' title='bbox 527 2590 759 2680; x_wconf 83' lang='lat' dir='ltr'>Samaritani3</span> <span class='ocrx_word' id='word_1_119' title='bbox 787 2593 899 2663; x_wconf 88' lang='lat' dir='ltr'>donec</span> <span class='ocrx_word' id='word_1_120' title='bbox 923 2593 1118 2664; x_wconf 89' lang='lat' dir='ltr'>Samariam</span> <span class='ocrx_word' id='word_1_121' title='bbox 1142 2593 1254 2687; x_wconf 83' lang='lat' dir='ltr'>rogati</span> <span class='ocrx_word' id='word_1_122' title='bbox 1277 2593 1323 2663; x_wconf 88' lang='lat' dir='ltr'>ab</span> <span class='ocrx_word' id='word_1_123' title='bbox 1348 2590 1574 2662; x_wconf 81' lang='lat' dir='ltr'>Hierusalem</span> 
     </span>
    </p>
   </div>
   <div class='ocr_carea' id='block_1_7' title="bbox 522 2808 1591 4723">
    <p class='ocr_par' dir='ltr' id='par_1_7' title="bbox 524 2808 1577 2964">
     <span class='ocr_line' id='line_1_18' title="bbox 524 2808 1577 2885; baseline 0 -18"><span class='ocrx_word' id='word_1_124' title='bbox 524 2829 576 2885; x_wconf 92' lang='lat' dir='ltr'>pro</span> <span class='ocrx_word' id='word_1_125' title='bbox 603 2811 691 2869; x_wconf 80' lang='lat' dir='ltr'>verbo</span> <span class='ocrx_word' id='word_1_126' title='bbox 720 2812 890 2868; x_wconf 61' lang='lat' dir='ltr'>decenderat</span> <span class='ocrx_word' id='word_1_127' title='bbox 919 2810 1076 2878; x_wconf 84' lang='lat' dir='ltr'>Baluzius;</span> <span class='ocrx_word' id='word_1_128' title='bbox 1106 2812 1277 2868; x_wconf 74' lang='lat' dir='ltr'>descenderat</span> <span class='ocrx_word' id='word_1_129' title='bbox 1304 2809 1428 2867; x_wconf 86' lang='lat' dir='ltr'>restituit</span> <span class='ocrx_word' id='word_1_130' title='bbox 1456 2808 1577 2868; x_wconf 90' lang='lat' dir='ltr'>Gallan·</span> 
     </span>
     <span class='ocr_line' id='line_1_19' title="bbox 525 2906 598 2964; baseline -0.014 -1"><span class='ocrx_word' id='word_1_131' title='bbox 525 2906 598 2964; x_wconf 91' lang='lat' dir='ltr'>dius.</span> 
     </span>
    </p>

    <p class='ocr_par' dir='ltr' id='par_1_8' title="bbox 523 3001 1578 3659">
     <span class='ocr_line' id='line_1_20' title="bbox 565 3001 1575 3079; baseline 0.002 -20"><span class='ocrx_word' id='word_1_132' title='bbox 565 3008 574 3033; x_wconf 90' lang='lat'><strong>¹</strong></span> <span class='ocrx_word' id='word_1_133' title='bbox 589 3001 727 3077; x_wconf 88' lang='lat' dir='ltr'>Spiritum</span> <span class='ocrx_word' id='word_1_134' title='bbox 745 3011 873 3061; x_wconf 87' lang='lat' dir='ltr'>sanctum</span> <span class='ocrx_word' id='word_1_135' title='bbox 888 3003 1044 3078; x_wconf 81' lang='lat' dir='ltr'>invenitur]</span> <span class='ocrx_word' id='word_1_136' title='bbox 1067 3004 1163 3062; x_wconf 80' lang='lat' dir='ltr'>Habet</span> <span class='ocrx_word' id='word_1_137' title='bbox 1178 3003 1329 3079; x_wconf 87' lang='lat' dir='ltr'>Rigaltius,</span> <span class='ocrx_word' id='word_1_138' title='bbox 1344 3003 1384 3061; x_wconf 84' lang='lat' dir='ltr'>ita</span> <span class='ocrx_word' id='word_1_139' title='bbox 1397 3004 1499 3060; x_wconf 75' lang='lat' dir='ltr'>demum</span> <span class='ocrx_word' id='word_1_140' title='bbox 1514 3003 1575 3061; x_wconf 82' lang='lat' dir='ltr'>lur-</span> 
     </span>
     <span class='ocr_line' id='line_1_21' title="bbox 523 3099 1577 3176; baseline 0.001 -19"><span class='ocrx_word' id='word_1_141' title='bbox 523 3099 599 3175; x_wconf 73' lang='lat' dir='ltr'>pilus</span> <span class='ocrx_word' id='word_1_142' title='bbox 613 3101 652 3157; x_wconf 81' lang='lat' dir='ltr'>eis</span> <span class='ocrx_word' id='word_1_143' title='bbox 665 3100 810 3175; x_wconf 75' lang='lat' dir='ltr'>Spiritum.</span> <span class='ocrx_word' id='word_1_144' title='bbox 832 3119 892 3157; x_wconf 83' lang='lat' dir='ltr'>cum</span> <span class='ocrx_word' id='word_1_145' title='bbox 906 3100 945 3158; x_wconf 84' lang='lat' dir='ltr'>itu</span> <span class='ocrx_word' id='word_1_146' title='bbox 961 3102 1104 3167; x_wconf 59' lang='lat' dir='ltr'>munitur,</span> <span class='ocrx_word' id='word_1_147' title='bbox 1121 3101 1194 3165; x_wconf 77' lang='lat' dir='ltr'>Quid</span> <span class='ocrx_word' id='word_1_148' title='bbox 1203 3101 1355 3176; x_wconf 81' lang='lat' dir='ltr'>tidifrcter</span> <span class='ocrx_word' id='word_1_149' title='bbox 1368 3101 1483 3158; x_wconf 79' lang='lat' dir='ltr'>videtur.</span> <span class='ocrx_word' id='word_1_150' title='bbox 1508 3100 1577 3159; x_wconf 87' lang='lat' dir='ltr'>Nec</span> 
     </span>
     <span class='ocr_line' id='line_1_22' title="bbox 525 3196 1577 3272; baseline 0.001 -18"><span class='ocrx_word' id='word_1_151' title='bbox 525 3196 607 3254; x_wconf 86' lang='lat' dir='ltr'>aliter</span> <span class='ocrx_word' id='word_1_152' title='bbox 619 3196 706 3254; x_wconf 87' lang='lat' dir='ltr'>edidit</span> <span class='ocrx_word' id='word_1_153' title='bbox 722 3196 864 3262; x_wconf 73' lang='lat' dir='ltr'>Baluzius</span> <span class='ocrx_word' id='word_1_154' title='bbox 879 3196 934 3254; x_wconf 87' lang='lat' dir='ltr'>nisi</span> <span class='ocrx_word' id='word_1_155' title='bbox 948 3198 1024 3272; x_wconf 93' lang='lat' dir='ltr'>quod</span> <span class='ocrx_word' id='word_1_156' title='bbox 1035 3197 1165 3257; x_wconf 75' lang='lat' dir='ltr'>Sanctum</span> <span class='ocrx_word' id='word_1_157' title='bbox 1179 3218 1195 3256; x_wconf 89' lang='lat' dir='ltr'>e</span> <span class='ocrx_word' id='word_1_158' title='bbox 1209 3198 1306 3256; x_wconf 87' lang='lat' dir='ltr'>codice</span> <span class='ocrx_word' id='word_1_159' title='bbox 1319 3198 1439 3255; x_wconf 84' lang='lat' dir='ltr'>fortasse</span> <span class='ocrx_word' id='word_1_160' title='bbox 1453 3197 1577 3265; x_wconf 87' lang='lat' dir='ltr'>addidit,</span> 
     </span>
     <span class='ocr_line' id='line_1_23' title="bbox 526 3293 1576 3370; baseline 0.002 -21"><span class='ocrx_word' id='word_1_161' title='bbox 526 3302 555 3350; x_wconf 91' lang='lat' dir='ltr'>et</span> <span class='ocrx_word' id='word_1_162' title='bbox 574 3302 711 3367; x_wconf 88' lang='lat' dir='ltr'>punctum</span> <span class='ocrx_word' id='word_1_163' title='bbox 732 3303 797 3367; x_wconf 86' lang='lat' dir='ltr'>post</span> <span class='ocrx_word' id='word_1_164' title='bbox 810 3293 946 3370; x_wconf 73' lang='lat' dir='ltr'>Spiritum</span> <span class='ocrx_word' id='word_1_165' title='bbox 963 3294 1076 3351; x_wconf 88' lang='lat' dir='ltr'>delevit.</span> <span class='ocrx_word' id='word_1_166' title='bbox 1119 3294 1168 3352; x_wconf 87' lang='lat' dir='ltr'>Sic</span> <span class='ocrx_word' id='word_1_167' title='bbox 1188 3295 1313 3361; x_wconf 87' lang='lat' dir='ltr'>vocibus,</span> <span class='ocrx_word' id='word_1_168' title='bbox 1327 3303 1360 3351; x_wconf 91' lang='lat' dir='ltr'>ut</span> <span class='ocrx_word' id='word_1_169' title='bbox 1373 3293 1462 3358; x_wconf 84' lang='lat' dir='ltr'>vides,</span> <span class='ocrx_word' id='word_1_170' title='bbox 1477 3293 1576 3368; x_wconf 85' lang='lat' dir='ltr'>dispo·</span> 
     </span>
     <span class='ocr_line' id='line_1_24' title="bbox 526 3388 1578 3466; baseline 0.004 -22"><span class='ocrx_word' id='word_1_171' title='bbox 526 3388 589 3445; x_wconf 84' lang='lat' dir='ltr'>sitis</span> <span class='ocrx_word' id='word_1_172' title='bbox 612 3389 673 3446; x_wconf 86' lang='lat' dir='ltr'>illas</span> <span class='ocrx_word' id='word_1_173' title='bbox 694 3408 752 3446; x_wconf 84' lang='lat' dir='ltr'>cum</span> <span class='ocrx_word' id='word_1_174' title='bbox 774 3388 814 3446; x_wconf 83' lang='lat' dir='ltr'>itc</span> <span class='ocrx_word' id='word_1_175' title='bbox 834 3400 980 3465; x_wconf 84' lang='lat' dir='ltr'>tamquam</span> <span class='ocrx_word' id='word_1_176' title='bbox 997 3409 1050 3466; x_wconf 90' lang='lat' dir='ltr'>pro</span> <span class='ocrx_word' id='word_1_177' title='bbox 1072 3388 1128 3448; x_wconf 88' lang='lat' dir='ltr'>isto</span> <span class='ocrx_word' id='word_1_178' title='bbox 1144 3392 1272 3448; x_wconf 74' lang='lat' dir='ltr'>Sanctum</span> <span class='ocrx_word' id='word_1_179' title='bbox 1285 3408 1433 3465; x_wconf 83' lang='lat' dir='ltr'>perperam</span> <span class='ocrx_word' id='word_1_180' title='bbox 1453 3390 1578 3465; x_wconf 84' lang='lat' dir='ltr'>scriptas</span> 
     </span>
     <span class='ocr_line' id='line_1_25' title="bbox 524 3484 1578 3563; baseline 0.007 -23"><span class='ocrx_word' id='word_1_181' title='bbox 524 3484 606 3541; x_wconf 88' lang='lat' dir='ltr'>uncis</span> <span class='ocrx_word' id='word_1_182' title='bbox 626 3485 738 3543; x_wconf 86' lang='lat' dir='ltr'>inclusi.</span> <span class='ocrx_word' id='word_1_183' title='bbox 780 3486 880 3544; x_wconf 84' lang='lat' dir='ltr'>Edidit</span> <span class='ocrx_word' id='word_1_184' title='bbox 899 3487 1065 3545; x_wconf 86' lang='lat' dir='ltr'>Gallandius</span> <span class='ocrx_word' id='word_1_185' title='bbox 1086 3488 1204 3563; x_wconf 74' lang='lat' dir='ltr'>larqt‘trta</span> <span class='ocrx_word' id='word_1_186' title='bbox 1224 3487 1264 3544; x_wconf 77' lang='lat' dir='ltr'>eis</span> <span class='ocrx_word' id='word_1_187' title='bbox 1286 3487 1420 3563; x_wconf 73' lang='lat' dir='ltr'>Spiritum</span> <span class='ocrx_word' id='word_1_188' title='bbox 1437 3495 1578 3547; x_wconf 76' lang='lat' dir='ltr'>sanctum.</span> 
     </span>
     <span class='ocr_line' id='line_1_26' title="bbox 527 3579 1216 3659; baseline 0.006 -22"><span class='ocrx_word' id='word_1_189' title='bbox 527 3579 595 3638; x_wconf 78' lang='lat' dir='ltr'>Crem</span> <span class='ocrx_word' id='word_1_190' title='bbox 610 3582 649 3638; x_wconf 83' lang='lat' dir='ltr'>ita</span> <span class='ocrx_word' id='word_1_191' title='bbox 664 3582 808 3649; x_wconf 80' lang='lat' dir='ltr'>invenitur,</span> <span class='ocrx_word' id='word_1_192' title='bbox 824 3583 890 3659; x_wconf 84' lang='lat' dir='ltr'>quid</span> <span class='ocrx_word' id='word_1_193' title='bbox 901 3583 1065 3659; x_wconf 75' lang='lat' dir='ltr'>tidisrater,</span> <span class='ocrx_word' id='word_1_194' title='bbox 1080 3583 1216 3641; x_wconf 79' lang='lat' dir='ltr'>videtur?</span> 
     </span>
    </p>

    <p class='ocr_par' dir='ltr' id='par_1_9' title="bbox 522 3679 1591 4220">
     <span class='ocr_line' id='line_1_27' title="bbox 564 3679 1578 3759; baseline 0.005 -25"><span class='ocrx_word' id='word_1_195' title='bbox 564 3684 574 3716; x_wconf 79' lang='lat'>⁸</span> <span class='ocrx_word' id='word_1_196' title='bbox 588 3697 605 3735; x_wconf 91' lang='lat' dir='ltr'>a</span> <span class='ocrx_word' id='word_1_197' title='bbox 618 3679 744 3737; x_wconf 87' lang='lat' dir='ltr'>Domino</span> <span class='ocrx_word' id='word_1_198' title='bbox 759 3682 816 3739; x_wconf 91' lang='lat' dir='ltr'>sint</span> <span class='ocrx_word' id='word_1_199' title='bbox 830 3682 979 3757; x_wconf 86' lang='lat' dir='ltr'>baptizati]</span> <span class='ocrx_word' id='word_1_200' title='bbox 993 3681 1186 3740; x_wconf 84' lang='lat' dir='ltr'>Tertullianus</span> <span class='ocrx_word' id='word_1_201' title='bbox 1199 3681 1249 3738; x_wconf 90' lang='lat' dir='ltr'>lib.</span> <span class='ocrx_word' id='word_1_202' title='bbox 1261 3682 1297 3739; x_wconf 92' lang='lat' dir='ltr'>de</span> <span class='ocrx_word' id='word_1_203' title='bbox 1309 3681 1475 3757; x_wconf 85' lang='lat' dir='ltr'>Baptism0:</span> <span class='ocrx_word' id='word_1_204' title='bbox 1496 3684 1578 3759; x_wconf 86' lang='lat' dir='ltr'>Apo-</span> 
     </span>
     <span class='ocr_line' id='line_1_28' title="bbox 522 3774 1579 3854; baseline 0.009 -24"><span class='ocrx_word' id='word_1_205' title='bbox 522 3774 607 3831; x_wconf 75' lang='lat' dir='ltr'>stolon</span> <span class='ocrx_word' id='word_1_206' title='bbox 622 3777 721 3834; x_wconf 78' lang='lat' dir='ltr'>tinctos</span> <span class='ocrx_word' id='word_1_207' title='bbox 739 3797 793 3835; x_wconf 71' lang='lat' dir='ltr'>raon</span> <span class='ocrx_word' id='word_1_208' title='bbox 811 3779 960 3836; x_wconf 81' lang='lat' dir='ltr'>invenimus</span> <span class='ocrx_word' id='word_1_209' title='bbox 974 3779 1003 3836; x_wconf 79' lang='lat' dir='ltr'>ia</span> <span class='ocrx_word' id='word_1_210' title='bbox 1017 3779 1143 3846; x_wconf 77' lang='lat' dir='ltr'>Domino,</span> <span class='ocrx_word' id='word_1_211' title='bbox 1153 3787 1260 3854; x_wconf 82' lang='lat' dir='ltr'>proeter</span> <span class='ocrx_word' id='word_1_212' title='bbox 1275 3780 1401 3837; x_wconf 72' lang='lat' dir='ltr'>Paulum.</span> <span class='ocrx_word' id='word_1_213' title='bbox 1443 3778 1579 3840; x_wconf 78' lang='lat' dir='ltr'>Ibidem:</span> 
     </span>
     <span class='ocr_line' id='line_1_29' title="bbox 523 3872 1577 3952; baseline 0.006 -24"><span class='ocrx_word' id='word_1_214' title='bbox 523 3872 588 3929; x_wconf 81' lang='lat' dir='ltr'>Illis</span> <span class='ocrx_word' id='word_1_215' title='bbox 608 3874 651 3929; x_wconf 83' lang='lat' dir='ltr'>uel</span> <span class='ocrx_word' id='word_1_216' title='bbox 665 3874 765 3949; x_wconf 73' lang='lat' dir='ltr'>primae</span> <span class='ocrx_word' id='word_1_217' title='bbox 782 3875 951 3941; x_wconf 80' lang='lat' dir='ltr'>adlectionis,</span> <span class='ocrx_word' id='word_1_218' title='bbox 964 3884 992 3933; x_wconf 82' lang='lat' dir='ltr'>et</span> <span class='ocrx_word' id='word_1_219' title='bbox 1009 3877 1104 3933; x_wconf 63' lang='lat' dir='ltr'>exinde</span> <span class='ocrx_word' id='word_1_220' title='bbox 1122 3876 1266 3933; x_wconf 70' lang='lat' dir='ltr'>individue</span> <span class='ocrx_word' id='word_1_221' title='bbox 1276 3876 1488 3951; x_wconf 79' lang='lat' dir='ltr'>surrilicritatis</span> <span class='ocrx_word' id='word_1_222' title='bbox 1496 3896 1577 3952; x_wconf 84' lang='lat' dir='ltr'>proe·</span> 
     </span>
     <span class='ocr_line' id='line_1_30' title="bbox 523 3971 1591 4052; baseline 0.007 -28"><span class='ocrx_word' id='word_1_223' title='bbox 523 3971 648 4044; x_wconf 74' lang='lat' dir='ltr'>ropativa</span> <span class='ocrx_word' id='word_1_224' title='bbox 666 3972 847 4046; x_wconf 77' lang='lat' dir='ltr'>compendium</span> <span class='ocrx_word' id='word_1_225' title='bbox 861 3972 988 4046; x_wconf 80' lang='lat' dir='ltr'>baptismi</span> <span class='ocrx_word' id='word_1_226' title='bbox 1006 3972 1131 4046; x_wconf 78' lang='lat' dir='ltr'>conferre</span> <span class='ocrx_word' id='word_1_227' title='bbox 1145 3972 1247 4047; x_wconf 75' lang='lat' dir='ltr'>potuit.</span> <span class='ocrx_word' id='word_1_228' title='bbox 1268 3973 1448 4030; x_wconf 75' lang='lat' dir='ltr'>Rruntmus.</span> <span class='ocrx_word' id='word_1_229' title='bbox 1491 3973 1591 4052; x_wconf 26' lang='lat' dir='ltr'>omi-¹</span> 
     </span>
     <span class='ocr_line' id='line_1_31' title="bbox 523 4065 1579 4144; baseline 0.009 -24"><span class='ocrx_word' id='word_1_230' title='bbox 523 4065 561 4122; x_wconf 87' lang='lat' dir='ltr'>sit</span> <span class='ocrx_word' id='word_1_231' title='bbox 573 4065 629 4121; x_wconf 82' lang='lat' dir='ltr'>siat</span> <span class='ocrx_word' id='word_1_232' title='bbox 643 4084 660 4123; x_wconf 93' lang='lat' dir='ltr'>a</span> <span class='ocrx_word' id='word_1_233' title='bbox 674 4066 790 4123; x_wconf 85' lang='lat' dir='ltr'>Bnluzio</span> <span class='ocrx_word' id='word_1_234' title='bbox 804 4068 932 4126; x_wconf 87' lang='lat' dir='ltr'>additum</span> <span class='ocrx_word' id='word_1_235' title='bbox 946 4068 1026 4144; x_wconf 88' lang='lat' dir='ltr'>quasi</span> <span class='ocrx_word' id='word_1_236' title='bbox 1040 4069 1233 4144; x_wconf 85' lang='lat' dir='ltr'>importunum</span> <span class='ocrx_word' id='word_1_237' title='bbox 1248 4068 1426 4135; x_wconf 83' lang='lat' dir='ltr'>Gallundius,</span> <span class='ocrx_word' id='word_1_238' title='bbox 1438 4070 1484 4127; x_wconf 87' lang='lat' dir='ltr'>cui</span> <span class='ocrx_word' id='word_1_239' title='bbox 1497 4070 1579 4130; x_wconf 88' lang='lat' dir='ltr'>haud</span> 
     </span>
     <span class='ocr_line' id='line_1_32' title="bbox 523 4162 672 4220; baseline 0.007 -2"><span class='ocrx_word' id='word_1_240' title='bbox 523 4162 672 4220; x_wconf 85' lang='lat' dir='ltr'>assentior.</span> 
     </span>
    </p>

    <p class='ocr_par' dir='ltr' id='par_1_10' title="bbox 522 4259 1578 4609">
     <span class='ocr_line' id='line_1_33' title="bbox 563 4259 1578 4340; baseline 0.01 -26"><span class='ocrx_word' id='word_1_241' title='bbox 563 4266 573 4294; x_wconf 87' lang='lat'><strong>⁴</strong></span> <span class='ocrx_word' id='word_1_242' title='bbox 587 4259 635 4333; x_wconf 89' lang='lat' dir='ltr'>qni</span> <span class='ocrx_word' id='word_1_243' title='bbox 655 4259 782 4316; x_wconf 88' lang='lat' dir='ltr'>nondum</span> <span class='ocrx_word' id='word_1_244' title='bbox 803 4265 878 4337; x_wconf 86' lang='lat' dir='ltr'>erat]</span> <span class='ocrx_word' id='word_1_245' title='bbox 903 4263 1050 4322; x_wconf 83' lang='lat' dir='ltr'>Exciderit</span> <span class='ocrx_word' id='word_1_246' title='bbox 1063 4265 1184 4323; x_wconf 72' lang='lat' dir='ltr'>sonasse</span> <span class='ocrx_word' id='word_1_247' title='bbox 1205 4263 1320 4322; x_wconf 83' lang='lat' dir='ltr'>librario</span> <span class='ocrx_word' id='word_1_248' title='bbox 1334 4283 1391 4321; x_wconf 86' lang='lat' dir='ltr'>vox</span> <span class='ocrx_word' id='word_1_249' title='bbox 1404 4264 1494 4329; x_wconf 77' lang='lat' dir='ltr'>dctus,</span> <span class='ocrx_word' id='word_1_250' title='bbox 1510 4284 1578 4340; x_wconf 81' lang='lat' dir='ltr'>quae</span> 
     </span>
     <span class='ocr_line' id='line_1_34' title="bbox 522 4356 1578 4437; baseline 0.008 -25"><span class='ocrx_word' id='word_1_251' title='bbox 522 4356 681 4414; x_wconf 87' lang='lat' dir='ltr'>necessario</span> <span class='ocrx_word' id='word_1_252' title='bbox 705 4356 836 4415; x_wconf 87' lang='lat' dir='ltr'>addenda</span> <span class='ocrx_word' id='word_1_253' title='bbox 857 4359 970 4418; x_wconf 86' lang='lat' dir='ltr'>videtur</span> <span class='ocrx_word' id='word_1_254' title='bbox 993 4380 1030 4418; x_wconf 87' lang='lat' dir='ltr'>ex</span> <span class='ocrx_word' id='word_1_255' title='bbox 1053 4362 1171 4437; x_wconf 84' lang='lat' dir='ltr'>vulgato</span> <span class='ocrx_word' id='word_1_256' title='bbox 1196 4363 1361 4437; x_wconf 84' lang='lat' dir='ltr'>interprete.</span> <span class='ocrx_word' id='word_1_257' title='bbox 1403 4360 1449 4416; x_wconf 87' lang='lat' dir='ltr'>Ab</span> <span class='ocrx_word' id='word_1_258' title='bbox 1472 4360 1578 4420; x_wconf 87' lang='lat' dir='ltr'>eadem</span> 
     </span>
     <span class='ocr_line' id='line_1_35' title="bbox 522 4452 1576 4532; baseline 0.008 -24"><span class='ocrx_word' id='word_1_259' title='bbox 522 4453 631 4509; x_wconf 87' lang='lat' dir='ltr'>ratione</span> <span class='ocrx_word' id='word_1_260' title='bbox 651 4452 754 4511; x_wconf 87' lang='lat' dir='ltr'>citatur</span> <span class='ocrx_word' id='word_1_261' title='bbox 768 4454 815 4512; x_wconf 89' lang='lat' dir='ltr'>hic</span> <span class='ocrx_word' id='word_1_262' title='bbox 828 4455 907 4513; x_wconf 88' lang='lat' dir='ltr'>locus</span> <span class='ocrx_word' id='word_1_263' title='bbox 922 4456 996 4513; x_wconf 80' lang='lat' dir='ltr'>intra</span> <span class='ocrx_word' id='word_1_264' title='bbox 1009 4476 1071 4532; x_wconf 80' lang='lat' dir='ltr'>cap.</span> <span class='ocrx_word' id='word_1_265' title='bbox 1086 4457 1145 4514; x_wconf 85' lang='lat' dir='ltr'>xiv.</span> <span class='ocrx_word' id='word_1_266' title='bbox 1190 4456 1247 4514; x_wconf 90' lang='lat' dir='ltr'>Ubi</span> <span class='ocrx_word' id='word_1_267' title='bbox 1260 4456 1357 4515; x_wconf 81' lang='lat' dir='ltr'>rideas</span> <span class='ocrx_word' id='word_1_268' title='bbox 1371 4464 1469 4513; x_wconf 83' lang='lat' dir='ltr'>notam</span> <span class='ocrx_word' id='word_1_269' title='bbox 1484 4455 1576 4516; x_wconf 81' lang='lat' dir='ltr'>Bulu-</span> 
     </span>
     <span class='ocr_line' id='line_1_36' title="bbox 522 4548 841 4609; baseline 0.016 -5"><span class='ocrx_word' id='word_1_270' title='bbox 522 4548 641 4606; x_wconf 88' lang='lat' dir='ltr'>zianam.</span> <span class='ocrx_word' id='word_1_271' title='bbox 668 4550 841 4609; x_wconf 76' lang='lat' dir='ltr'>Gntnnunr.</span> 
     </span>
    </p>

    <p class='ocr_par' dir='ltr' id='par_1_11' title="bbox 563 4646 1104 4723">
     <span class='ocr_line' id='line_1_37' title="bbox 563 4646 1104 4723; baseline 0.007 -22"><span class='ocrx_word' id='word_1_272' title='bbox 563 4650 571 4681; x_wconf 81' lang='lat'><em>⁵</em></span> <span class='ocrx_word' id='word_1_273' title='bbox 586 4665 642 4719; x_wconf 91' lang='lat' dir='ltr'>quo</span> <span class='ocrx_word' id='word_1_274' title='bbox 657 4646 686 4702; x_wconf 90' lang='lat' dir='ltr'>id</span> <span class='ocrx_word' id='word_1_275' title='bbox 700 4657 813 4722; x_wconf 84' lang='lat' dir='ltr'>gestum</span> <span class='ocrx_word' id='word_1_276' title='bbox 829 4650 887 4723; x_wconf 88' lang='lat' dir='ltr'>est]</span> <span class='ocrx_word' id='word_1_277' title='bbox 906 4648 972 4705; x_wconf 90' lang='lat' dir='ltr'>For.</span> <span class='ocrx_word' id='word_1_278' title='bbox 988 4668 1024 4706; x_wconf 85' lang='lat' dir='ltr'>ex</span> <span class='ocrx_word' id='word_1_279' title='bbox 1039 4669 1104 4723; x_wconf 89' lang='lat' dir='ltr'>quo.</span> 
     </span>
    </p>
   </div>
   <div class='ocr_carea' id='block_1_8' title="bbox 0 0 1914 5692">
    <p class='ocr_par' dir='ltr' id='par_1_12' title="bbox 0 0 1914 5692">
     <span class='ocr_line' id='line_1_38' title="bbox 0 0 1914 5692; baseline 0 2"><span class='ocrx_word' id='word_1_280' title='bbox 0 0 1914 5692; x_wconf 95' lang='lat' dir='ltr'> </span> 
     </span>
    </p>
   </div>
  </div>
 </body>
</html>
