<?xml version="1.0" encoding="UTF-8"?>
<!DOCTYPE html PUBLIC "-//W3C//DTD XHTML 1.0 Transitional//EN"
    "http://www.w3.org/TR/xhtml1/DTD/xhtml1-transitional.dtd">
<html xmlns="http://www.w3.org/1999/xhtml" xml:lang="en" lang="en">
 <head>
  <title>
</title>
<meta http-equiv="Content-Type" content="text/html;charset=utf-8" />
  <meta name='ocr-system' content='tesseract 3.04.00' />
  <meta name='ocr-capabilities' content='ocr_page ocr_carea ocr_par ocr_line ocrx_word'/>
</head>
<body>
  <div class='ocr_page' id='page_1' title='image "./reliquiaesacrae02routgoog_0208.png"; bbox 0 0 3817 5692; ppageno 0'>
   <div class='ocr_carea' id='block_1_1' title="bbox 429 704 1250 773">
    <p class='ocr_par' dir='ltr' id='par_1_1' title="bbox 429 704 1250 773">
     <span class='ocr_line' id='line_1_1' title="bbox 429 704 1250 773; baseline 0.002 -8"><span class='ocrx_word' id='word_1_1' title='bbox 429 704 495 773; x_wconf 77' lang='lat'>194</span> <span class='ocrx_word' id='word_1_2' title='bbox 650 704 902 768; x_wconf 83' lang='lat' dir='ltr'><strong>ARCHELAI</strong></span> <span class='ocrx_word' id='word_1_3' title='bbox 934 706 998 767; x_wconf 89' lang='lat' dir='ltr'>ET</span> <span class='ocrx_word' id='word_1_4' title='bbox 1031 704 1250 767; x_wconf 79' lang='lat' dir='ltr'>MANETIS</span> 
     </span>
    </p>
   </div>
   <div class='ocr_carea' id='block_1_2' title="bbox 426 877 1564 2925">
    <p class='ocr_par' dir='ltr' id='par_1_2' title="bbox 426 877 1564 2925">
     <span class='ocr_line' id='line_1_2' title="bbox 429 877 1476 969; baseline 0.001 -23"><span class='ocrx_word' id='word_1_5' title='bbox 429 879 528 947; x_wconf 88' lang='lat' dir='ltr'>niens</span> <span class='ocrx_word' id='word_1_6' title='bbox 556 887 675 947; x_wconf 88' lang='lat' dir='ltr'>autem</span> <span class='ocrx_word' id='word_1_7' title='bbox 701 901 824 948; x_wconf 89' lang='lat' dir='ltr'>vocem</span> <span class='ocrx_word' id='word_1_8' title='bbox 851 879 960 947; x_wconf 91' lang='lat' dir='ltr'>etiam</span> <span class='ocrx_word' id='word_1_9' title='bbox 989 880 1033 947; x_wconf 89' lang='lat' dir='ltr'>de</span> <span class='ocrx_word' id='word_1_10' title='bbox 1061 877 1235 948; x_wconf 91' lang='lat' dir='ltr'>Paraclito</span> <span class='ocrx_word' id='word_1_11' title='bbox 1260 879 1410 969; x_wconf 83' lang='lat' dir='ltr'><strong>positam</strong></span> <span class='ocrx_word' id='word_1_12' title='bbox 1436 878 1476 947; x_wconf 93' lang='lat' dir='ltr'>in</span> 
     </span>
     <span class='ocr_line' id='line_1_3' title="bbox 430 992 1477 1087; baseline 0.002 -26"><span class='ocrx_word' id='word_1_13' title='bbox 430 992 630 1084; x_wconf 85' lang='lat' dir='ltr'>Scripturis,</span> <span class='ocrx_word' id='word_1_14' title='bbox 647 995 876 1085; x_wconf 88' lang='lat' dir='ltr'>semetipsum</span> <span class='ocrx_word' id='word_1_15' title='bbox 895 1016 970 1062; x_wconf 89' lang='lat' dir='ltr'>esse</span> <span class='ocrx_word' id='word_1_16' title='bbox 988 994 1147 1084; x_wconf 89' lang='lat' dir='ltr'>subjecit,</span> <span class='ocrx_word' id='word_1_17' title='bbox 1166 995 1226 1084; x_wconf 93' lang='lat' dir='ltr'>qui</span> <span class='ocrx_word' id='word_1_18' title='bbox 1248 1017 1318 1062; x_wconf 93' lang='lat' dir='ltr'>non</span> <span class='ocrx_word' id='word_1_19' title='bbox 1339 993 1477 1087; x_wconf 79' lang='lat' dir='ltr'>legerat</span> 
     </span>
     <span class='ocr_line' id='line_1_4' title="bbox 430 1108 1476 1201; baseline 0.003 -24"><span class='ocrx_word' id='word_1_20' title='bbox 430 1108 626 1201; x_wconf 80' lang='lat' dir='ltr'>diligenter,</span> <span class='ocrx_word' id='word_1_21' title='bbox 653 1110 736 1200; x_wconf 91' lang='lat' dir='ltr'>quia</span> <span class='ocrx_word' id='word_1_22' title='bbox 768 1108 962 1178; x_wconf 88' lang='lat' dir='ltr'>Paraclitus</span> <span class='ocrx_word' id='word_1_23' title='bbox 986 1109 1061 1199; x_wconf 90' lang='lat' dir='ltr'>jam</span> <span class='ocrx_word' id='word_1_24' title='bbox 1090 1118 1175 1179; x_wconf 91' lang='lat' dir='ltr'>tunc</span> <span class='ocrx_word' id='word_1_25' title='bbox 1206 1111 1367 1189; x_wconf 88' lang='lat' dir='ltr'>venisset,</span> <span class='ocrx_word' id='word_1_26' title='bbox 1391 1133 1476 1180; x_wconf 91' lang='lat' dir='ltr'>cum</span> 
     </span>
     <span class='ocr_line' id='line_1_5' title="bbox 429 1220 1476 1317; baseline 0.003 -27"><span class='ocrx_word' id='word_1_27' title='bbox 429 1220 595 1313; x_wconf 83' lang='lat' dir='ltr'>Apostoli</span> <span class='ocrx_word' id='word_1_28' title='bbox 612 1224 727 1293; x_wconf 89' lang='lat' dir='ltr'>adhuc</span> <span class='ocrx_word' id='word_1_29' title='bbox 748 1233 865 1293; x_wconf 89' lang='lat' dir='ltr'>essent</span> <span class='ocrx_word' id='word_1_30' title='bbox 888 1234 1149 1314; x_wconf 89' lang='lat' dir='ltr'>superterram.</span> <span class='ocrx_word' id='word_1_31' title='bbox 1202 1223 1269 1294; x_wconf 94' lang='lat' dir='ltr'>His</span> <span class='ocrx_word' id='word_1_32' title='bbox 1292 1247 1376 1317; x_wconf 90' lang='lat' dir='ltr'>ergo</span> <span class='ocrx_word' id='word_1_33' title='bbox 1399 1232 1476 1293; x_wconf 89' lang='lat' dir='ltr'>tam</span> 
     </span>
     <span class='ocr_line' id='line_1_6' title="bbox 428 1337 1478 1431; baseline 0.002 -25"><span class='ocrx_word' id='word_1_34' title='bbox 428 1337 598 1408; x_wconf 87' lang='lat' dir='ltr'>scelerate</span> <span class='ocrx_word' id='word_1_35' title='bbox 615 1340 829 1430; x_wconf 89' lang='lat' dir='ltr'>compositis,</span> <span class='ocrx_word' id='word_1_36' title='bbox 846 1340 960 1407; x_wconf 90' lang='lat' dir='ltr'>mittit</span> <span class='ocrx_word' id='word_1_37' title='bbox 977 1346 1015 1408; x_wconf 90' lang='lat' dir='ltr'>et</span> <span class='ocrx_word' id='word_1_38' title='bbox 1032 1339 1221 1430; x_wconf 90' lang='lat' dir='ltr'>discipulos</span> <span class='ocrx_word' id='word_1_39' title='bbox 1244 1361 1324 1408; x_wconf 88' lang='lat' dir='ltr'>suos</span> <span class='ocrx_word' id='word_1_40' title='bbox 1348 1340 1478 1431; x_wconf 83' lang='lat' dir='ltr'>praedi-</span> 
     </span>
     <span class='ocr_line' id='line_1_7' title="bbox 428 1454 1477 1546; baseline 0.002 -25"><span class='ocrx_word' id='word_1_41' title='bbox 428 1462 568 1523; x_wconf 90' lang='lat' dir='ltr'>caturos</span> <span class='ocrx_word' id='word_1_42' title='bbox 596 1454 769 1546; x_wconf 78' lang='lat' dir='ltr'>intrepide</span> <span class='ocrx_word' id='word_1_43' title='bbox 794 1454 896 1524; x_wconf 86' lang='lat' dir='ltr'>fictos</span> <span class='ocrx_word' id='word_1_44' title='bbox 922 1455 1175 1545; x_wconf 87' lang='lat' dir='ltr'>simulatosque</span> <span class='ocrx_word' id='word_1_45' title='bbox 1198 1477 1340 1537; x_wconf 87' lang='lat' dir='ltr'>errores,</span> <span class='ocrx_word' id='word_1_46' title='bbox 1357 1464 1395 1525; x_wconf 92' lang='lat' dir='ltr'>et</span> <span class='ocrx_word' id='word_1_47' title='bbox 1413 1477 1477 1524; x_wconf 89' lang='lat' dir='ltr'>no·</span> 
     </span>
     <span class='ocr_line' id='line_1_8' title="bbox 429 1567 1475 1663; baseline 0.005 -29"><span class='ocrx_word' id='word_1_48' title='bbox 429 1590 489 1638; x_wconf 88' lang='lat' dir='ltr'>vas</span> <span class='ocrx_word' id='word_1_49' title='bbox 515 1567 687 1659; x_wconf 87' lang='lat' dir='ltr'>falsasque</span> <span class='ocrx_word' id='word_1_50' title='bbox 711 1591 815 1638; x_wconf 86' lang='lat' dir='ltr'>voces</span> <span class='ocrx_word' id='word_1_51' title='bbox 844 1571 1113 1639; x_wconf 82' lang='lat' dir='ltr'>annuntiaturos</span> <span class='ocrx_word' id='word_1_52' title='bbox 1137 1592 1201 1661; x_wconf 88' lang='lat' dir='ltr'>per</span> <span class='ocrx_word' id='word_1_53' title='bbox 1225 1569 1303 1640; x_wconf 90' lang='lat' dir='ltr'>loca</span> <span class='ocrx_word' id='word_1_54' title='bbox 1325 1569 1475 1663; x_wconf 88' lang='lat' dir='ltr'>singula.</span> 
     </span>
     <span class='ocr_line' id='line_1_9' title="bbox 429 1682 1475 1778; baseline 0.003 -26"><span class='ocrx_word' id='word_1_55' title='bbox 429 1683 534 1766; x_wconf 85' lang='lat' dir='ltr'>Quod</span> <span class='ocrx_word' id='word_1_56' title='bbox 570 1707 651 1753; x_wconf 87' lang='lat' dir='ltr'>cunr</span> <span class='ocrx_word' id='word_1_57' title='bbox 681 1707 745 1754; x_wconf 87' lang='lat' dir='ltr'>rex</span> <span class='ocrx_word' id='word_1_58' title='bbox 771 1682 958 1754; x_wconf 87' lang='lat' dir='ltr'>Persarum</span> <span class='ocrx_word' id='word_1_59' title='bbox 986 1686 1219 1777; x_wconf 82' lang='lat' dir='ltr'>cognovisset,</span> <span class='ocrx_word' id='word_1_60' title='bbox 1249 1687 1363 1778; x_wconf 92' lang='lat' dir='ltr'>dignis</span> <span class='ocrx_word' id='word_1_61' title='bbox 1390 1708 1475 1755; x_wconf 89' lang='lat' dir='ltr'>eum</span> 
     </span>
     <span class='ocr_line' id='line_1_10' title="bbox 427 1796 1477 1891; baseline -0.001 -23"><span class='ocrx_word' id='word_1_62' title='bbox 427 1799 607 1889; x_wconf 86' lang='lat' dir='ltr'>suppliciis</span> <span class='ocrx_word' id='word_1_63' title='bbox 624 1799 774 1868; x_wconf 88' lang='lat' dir='ltr'>subdere</span> <span class='ocrx_word' id='word_1_64' title='bbox 792 1807 901 1890; x_wconf 88' lang='lat' dir='ltr'>parat.</span> <span class='ocrx_word' id='word_1_65' title='bbox 954 1798 1036 1881; x_wconf 84' lang='lat' dir='ltr'>Quo</span> <span class='ocrx_word' id='word_1_66' title='bbox 1054 1796 1184 1868; x_wconf 90' lang='lat' dir='ltr'>Manes</span> <span class='ocrx_word' id='word_1_67' title='bbox 1203 1800 1335 1891; x_wconf 90' lang='lat' dir='ltr'>agnito,</span> <span class='ocrx_word' id='word_1_68' title='bbox 1353 1798 1477 1868; x_wconf 87' lang='lat' dir='ltr'>aduro-</span> 
     </span>
     <span class='ocr_line' id='line_1_11' title="bbox 426 1912 1476 2007; baseline 0.003 -25"><span class='ocrx_word' id='word_1_69' title='bbox 426 1914 524 1982; x_wconf 88' lang='lat' dir='ltr'>nitus</span> <span class='ocrx_word' id='word_1_70' title='bbox 541 1915 578 1982; x_wconf 90' lang='lat' dir='ltr'>in</span> <span class='ocrx_word' id='word_1_71' title='bbox 602 1914 743 1994; x_wconf 89' lang='lat' dir='ltr'>somnis,</span> <span class='ocrx_word' id='word_1_72' title='bbox 761 1912 899 2005; x_wconf 90' lang='lat' dir='ltr'>elapsus</span> <span class='ocrx_word' id='word_1_73' title='bbox 923 1914 967 1982; x_wconf 90' lang='lat' dir='ltr'>de</span> <span class='ocrx_word' id='word_1_74' title='bbox 992 1936 1143 1996; x_wconf 89' lang='lat' dir='ltr'>carcere,</span> <span class='ocrx_word' id='word_1_75' title='bbox 1162 1916 1198 1983; x_wconf 91' lang='lat' dir='ltr'>iu</span> <span class='ocrx_word' id='word_1_76' title='bbox 1216 1915 1336 2007; x_wconf 83' lang='lat' dir='ltr'>fugam</span> <span class='ocrx_word' id='word_1_77' title='bbox 1355 1938 1476 1985; x_wconf 89' lang='lat' dir='ltr'>versus</span> 
     </span>
     <span class='ocr_line' id='line_1_12' title="bbox 428 2028 1477 2120; baseline 0.002 -22"><span class='ocrx_word' id='word_1_78' title='bbox 428 2039 494 2113; x_wconf 89' lang='lat' dir='ltr'>est,</span> <span class='ocrx_word' id='word_1_79' title='bbox 512 2052 597 2098; x_wconf 92' lang='lat' dir='ltr'>auro</span> <span class='ocrx_word' id='word_1_80' title='bbox 614 2028 766 2119; x_wconf 93' lang='lat' dir='ltr'>plurimo</span> <span class='ocrx_word' id='word_1_81' title='bbox 790 2028 996 2097; x_wconf 80' lang='lat' dir='ltr'>custodibus</span> <span class='ocrx_word' id='word_1_82' title='bbox 1021 2031 1202 2120; x_wconf 88' lang='lat' dir='ltr'>corruptis,</span> <span class='ocrx_word' id='word_1_83' title='bbox 1221 2040 1259 2098; x_wconf 92' lang='lat' dir='ltr'>et</span> <span class='ocrx_word' id='word_1_84' title='bbox 1282 2032 1411 2100; x_wconf 90' lang='lat' dir='ltr'>mansit</span> <span class='ocrx_word' id='word_1_85' title='bbox 1436 2031 1477 2100; x_wconf 93' lang='lat' dir='ltr'>in</span> 
     </span>
     <span class='ocr_line' id='line_1_13' title="bbox 427 2141 1477 2235; baseline 0.001 -23"><span class='ocrx_word' id='word_1_86' title='bbox 427 2143 572 2213; x_wconf 89' lang='lat' dir='ltr'>castello</span> <span class='ocrx_word' id='word_1_87' title='bbox 602 2142 803 2212; x_wconf 89' lang='lat' dir='ltr'>Arabiouis.</span> <span class='ocrx_word' id='word_1_88' title='bbox 856 2141 963 2211; x_wconf 90' lang='lat' dir='ltr'>Unde</span> <span class='ocrx_word' id='word_1_89' title='bbox 997 2144 1162 2234; x_wconf 81' lang='lat' dir='ltr'>scriptam</span> <span class='ocrx_word' id='word_1_90' title='bbox 1193 2143 1377 2235; x_wconf 91' lang='lat' dir='ltr'>epistolam</span> <span class='ocrx_word' id='word_1_91' title='bbox 1411 2167 1477 2235; x_wconf 91' lang='lat' dir='ltr'>per</span> 
     </span>
     <span class='ocr_line' id='line_1_14' title="bbox 427 2254 1475 2350; baseline 0.002 -25"><span class='ocrx_word' id='word_1_92' title='bbox 427 2256 627 2325; x_wconf 86' lang='lat' dir='ltr'>Turbonem</span> <span class='ocrx_word' id='word_1_93' title='bbox 646 2257 690 2325; x_wconf 93' lang='lat' dir='ltr'>ad</span> <span class='ocrx_word' id='word_1_94' title='bbox 708 2254 919 2325; x_wconf 90' lang='lat' dir='ltr'>Marcellum</span> <span class='ocrx_word' id='word_1_95' title='bbox 947 2266 1105 2326; x_wconf 89' lang='lat' dir='ltr'>nostrum</span> <span class='ocrx_word' id='word_1_96' title='bbox 1132 2259 1240 2340; x_wconf 89' lang='lat' dir='ltr'>misit,</span> <span class='ocrx_word' id='word_1_97' title='bbox 1258 2257 1294 2325; x_wconf 92' lang='lat' dir='ltr'>in</span> <span class='ocrx_word' id='word_1_98' title='bbox 1312 2280 1382 2349; x_wconf 89' lang='lat' dir='ltr'>qua</span> <span class='ocrx_word' id='word_1_99' title='bbox 1404 2259 1475 2350; x_wconf 89' lang='lat' dir='ltr'>sig-</span> 
     </span>
     <span class='ocr_line' id='line_1_15' title="bbox 427 2372 1473 2454; baseline 0.001 -15"><span class='ocrx_word' id='word_1_100' title='bbox 427 2372 583 2441; x_wconf 84' lang='lat' dir='ltr'>nificavit</span> <span class='ocrx_word' id='word_1_101' title='bbox 600 2394 637 2440; x_wconf 91' lang='lat' dir='ltr'>se</span> <span class='ocrx_word' id='word_1_102' title='bbox 655 2394 730 2442; x_wconf 89' lang='lat' dir='ltr'>esso</span> <span class='ocrx_word' id='word_1_103' title='bbox 748 2379 947 2441; x_wconf 87' lang='lat' dir='ltr'>venturum.</span> <span class='ocrx_word' id='word_1_104' title='bbox 1001 2372 1102 2454; x_wconf 69' lang='lat' dir='ltr'>“Quo</span> <span class='ocrx_word' id='word_1_105' title='bbox 1123 2395 1205 2442; x_wconf 92' lang='lat' dir='ltr'>cum</span> <span class='ocrx_word' id='word_1_106' title='bbox 1223 2374 1384 2453; x_wconf 89' lang='lat' dir='ltr'>venisset,</span> <span class='ocrx_word' id='word_1_107' title='bbox 1403 2372 1473 2441; x_wconf 88' lang='lat' dir='ltr'>fuit</span> 
     </span>
     <span class='ocr_line' id='line_1_16' title="bbox 427 2479 1564 2578; baseline 0.001 -23"><span class='ocrx_word' id='word_1_108' title='bbox 427 2487 528 2556; x_wconf 91' lang='lat' dir='ltr'>nobis</span> <span class='ocrx_word' id='word_1_109' title='bbox 545 2499 725 2556; x_wconf 89' lang='lat' dir='ltr'>certamen</span> <span class='ocrx_word' id='word_1_110' title='bbox 742 2486 823 2567; x_wconf 90' lang='lat' dir='ltr'>tale,</span> <span class='ocrx_word' id='word_1_111' title='bbox 842 2486 946 2578; x_wconf 88' lang='lat' dir='ltr'>quale</span> <span class='ocrx_word' id='word_1_112' title='bbox 964 2497 1002 2556; x_wconf 90' lang='lat' dir='ltr'>et</span> <span class='ocrx_word' id='word_1_113' title='bbox 1022 2487 1079 2557; x_wconf 90' lang='lat' dir='ltr'>hic</span> <span class='ocrx_word' id='word_1_114' title='bbox 1097 2487 1243 2571; x_wconf 91' lang='lat' dir='ltr'>vidistis,</span> <span class='ocrx_word' id='word_1_115' title='bbox 1262 2497 1299 2558; x_wconf 92' lang='lat' dir='ltr'>et</span> <span class='ocrx_word' id='word_1_116' title='bbox 1316 2488 1472 2569; x_wconf 88' lang='lat' dir='ltr'>audistis,</span> <span class='ocrx_word' id='word_1_117' title='bbox 1562 2479 1564 2482; x_wconf 59' lang='grc'><strong>’</strong></span> 
     </span>
     <span class='ocr_line' id='line_1_17' title="bbox 426 2602 1473 2695; baseline 0.002 -26"><span class='ocrx_word' id='word_1_118' title='bbox 426 2603 462 2669; x_wconf 92' lang='lat' dir='ltr'>in</span> <span class='ocrx_word' id='word_1_119' title='bbox 480 2625 561 2692; x_wconf 92' lang='lat' dir='ltr'>quo,</span> <span class='ocrx_word' id='word_1_120' title='bbox 579 2611 683 2693; x_wconf 88' lang='lat' dir='ltr'>prout</span> <span class='ocrx_word' id='word_1_121' title='bbox 707 2604 898 2693; x_wconf 88' lang='lat' dir='ltr'>potuimus,</span> <span class='ocrx_word' id='word_1_122' title='bbox 917 2602 1136 2672; x_wconf 87' lang='lat' dir='ltr'>ostendimus</span> <span class='ocrx_word' id='word_1_123' title='bbox 1154 2625 1236 2672; x_wconf 88' lang='lat' dir='ltr'>eum</span> <span class='ocrx_word' id='word_1_124' title='bbox 1258 2605 1473 2695; x_wconf 89' lang='lat' dir='ltr'>pseudopro·</span> 
     </span>
     <span class='ocr_line' id='line_1_18' title="bbox 427 2716 1473 2809; baseline 0.001 -24"><span class='ocrx_word' id='word_1_125' title='bbox 427 2716 582 2807; x_wconf 87' lang='lat' dir='ltr'>phetam.</span> <span class='ocrx_word' id='word_1_126' title='bbox 627 2718 698 2788; x_wconf 89' lang='lat' dir='ltr'>Sed</span> <span class='ocrx_word' id='word_1_127' title='bbox 716 2728 835 2788; x_wconf 88' lang='lat' dir='ltr'>custos</span> <span class='ocrx_word' id='word_1_128' title='bbox 853 2718 997 2809; x_wconf 90' lang='lat' dir='ltr'>quidem</span> <span class='ocrx_word' id='word_1_129' title='bbox 1015 2719 1172 2799; x_wconf 89' lang='lat' dir='ltr'>carceris,</span> <span class='ocrx_word' id='word_1_130' title='bbox 1190 2721 1251 2809; x_wconf 92' lang='lat' dir='ltr'>qui</span> <span class='ocrx_word' id='word_1_131' title='bbox 1269 2742 1351 2788; x_wconf 91' lang='lat' dir='ltr'>eum</span> <span class='ocrx_word' id='word_1_132' title='bbox 1369 2719 1473 2788; x_wconf 93' lang='lat' dir='ltr'>dimi-</span> 
     </span>
     <span class='ocr_line' id='line_1_19' title="bbox 427 2834 1473 2925; baseline 0 -24"><span class='ocrx_word' id='word_1_133' title='bbox 427 2842 529 2913; x_wconf 88' lang='lat' dir='ltr'>serat,</span> <span class='ocrx_word' id='word_1_134' title='bbox 556 2834 700 2924; x_wconf 87' lang='lat' dir='ltr'>puuitus</span> <span class='ocrx_word' id='word_1_135' title='bbox 731 2842 806 2915; x_wconf 90' lang='lat' dir='ltr'>est;</span> <span class='ocrx_word' id='word_1_136' title='bbox 831 2856 894 2902; x_wconf 82' lang='lat' dir='ltr'>rex</span> <span class='ocrx_word' id='word_1_137' title='bbox 924 2855 1006 2902; x_wconf 89' lang='lat' dir='ltr'>vero</span> <span class='ocrx_word' id='word_1_138' title='bbox 1036 2855 1119 2902; x_wconf 89' lang='lat' dir='ltr'>enm</span> <span class='ocrx_word' id='word_1_139' title='bbox 1142 2836 1271 2925; x_wconf 89' lang='lat' dir='ltr'>requiri</span> <span class='ocrx_word' id='word_1_140' title='bbox 1291 2835 1406 2925; x_wconf 86' lang='lat' dir='ltr'>jussit,</span> <span class='ocrx_word' id='word_1_141' title='bbox 1433 2841 1473 2901; x_wconf 89' lang='lat' dir='ltr'>et</span> 
     </span>
    </p>
   </div>
   <div class='ocr_carea' id='block_1_3' title="bbox 425 2942 1474 3614">
    <p class='ocr_par' dir='ltr' id='par_1_3' title="bbox 425 2942 1474 3382">
     <span class='ocr_line' id='line_1_20' title="bbox 425 2942 1472 3040; baseline 0 -25"><span class='ocrx_word' id='word_1_142' title='bbox 425 2942 485 3015; x_wconf 91' lang='lat' dir='ltr'>biu</span> <span class='ocrx_word' id='word_1_143' title='bbox 503 2948 768 3038; x_wconf 88' lang='lat' dir='ltr'>quibuscunque</span> <span class='ocrx_word' id='word_1_144' title='bbox 786 2948 871 3016; x_wconf 92' lang='lat' dir='ltr'>locis</span> <span class='ocrx_word' id='word_1_145' title='bbox 889 2956 1069 3039; x_wconf 90' lang='lat' dir='ltr'>repertum</span> <span class='ocrx_word' id='word_1_146' title='bbox 1087 2948 1348 3040; x_wconf 87' lang='lat' dir='ltr'>comprehendi.</span> <span class='ocrx_word' id='word_1_147' title='bbox 1383 2946 1472 3016; x_wconf 83' lang='lat' dir='ltr'>Haec</span> 
     </span>
     <span class='ocr_line' id='line_1_21' title="bbox 426 3062 1474 3155; baseline -0.001 -25"><span class='ocrx_word' id='word_1_148' title='bbox 426 3085 508 3130; x_wconf 89' lang='lat' dir='ltr'>cum</span> <span class='ocrx_word' id='word_1_149' title='bbox 537 3085 603 3155; x_wconf 88' lang='lat' dir='ltr'>ego</span> <span class='ocrx_word' id='word_1_150' title='bbox 633 3063 883 3155; x_wconf 87' lang='lat' dir='ltr'>cognovissem,</span> <span class='ocrx_word' id='word_1_151' title='bbox 915 3063 1149 3132; x_wconf 86' lang='lat' dir='ltr'>necessarium</span> <span class='ocrx_word' id='word_1_152' title='bbox 1181 3062 1248 3130; x_wconf 85' lang='lat' dir='ltr'>luit</span> <span class='ocrx_word' id='word_1_153' title='bbox 1278 3086 1335 3132; x_wconf 93' lang='lat' dir='ltr'>me</span> <span class='ocrx_word' id='word_1_154' title='bbox 1365 3063 1474 3131; x_wconf 91' lang='lat' dir='ltr'>etiam</span> 
     </span>
     <span class='ocr_line' id='line_1_22' title="bbox 427 3177 1472 3270; baseline 0.002 -26"><span class='ocrx_word' id='word_1_155' title='bbox 427 3177 525 3246; x_wconf 93' lang='lat' dir='ltr'>vobis</span> <span class='ocrx_word' id='word_1_156' title='bbox 545 3178 711 3261; x_wconf 89' lang='lat' dir='ltr'>indicare,</span> <span class='ocrx_word' id='word_1_157' title='bbox 729 3179 811 3270; x_wconf 89' lang='lat' dir='ltr'>quia</span> <span class='ocrx_word' id='word_1_158' title='bbox 834 3177 1024 3268; x_wconf 86' lang='lat' dir='ltr'>requiritur</span> <span class='ocrx_word' id='word_1_159' title='bbox 1048 3179 1114 3247; x_wconf 88' lang='lat' dir='ltr'>iste</span> <span class='ocrx_word' id='word_1_160' title='bbox 1140 3201 1162 3247; x_wconf 92' lang='lat' dir='ltr'>a</span> <span class='ocrx_word' id='word_1_161' title='bbox 1186 3200 1270 3270; x_wconf 90' lang='lat' dir='ltr'>rege</span> <span class='ocrx_word' id='word_1_162' title='bbox 1288 3178 1472 3248; x_wconf 91' lang='lat' dir='ltr'>Persarum</span> 
     </span>
     <span class='ocr_line' id='line_1_23' title="bbox 427 3292 940 3382; baseline 0.002 -22"><span class='ocrx_word' id='word_1_163' title='bbox 427 3315 536 3382; x_wconf 91' lang='lat' dir='ltr'>usque</span> <span class='ocrx_word' id='word_1_164' title='bbox 555 3294 591 3361; x_wconf 93' lang='lat' dir='ltr'>iu</span> <span class='ocrx_word' id='word_1_165' title='bbox 609 3292 817 3363; x_wconf 88' lang='lat' dir='ltr'>hodiernum</span> <span class='ocrx_word' id='word_1_166' title='bbox 836 3293 940 3362; x_wconf 90' lang='lat' dir='ltr'>diem.</span> 
     </span>
    </p>

    <p class='ocr_par' dir='ltr' id='par_1_4' title="bbox 425 3405 1473 3614">
     <span class='ocr_line' id='line_1_24' title="bbox 477 3405 1473 3500; baseline 0.001 -25"><span class='ocrx_word' id='word_1_167' title='bbox 477 3407 557 3477; x_wconf 91' lang='lat' dir='ltr'>LV.</span> <span class='ocrx_word' id='word_1_168' title='bbox 586 3405 654 3476; x_wconf 89' lang='lat' dir='ltr'>His</span> <span class='ocrx_word' id='word_1_169' title='bbox 672 3409 809 3489; x_wconf 90' lang='lat' dir='ltr'>auditis,</span> <span class='ocrx_word' id='word_1_170' title='bbox 829 3408 940 3477; x_wconf 84' lang='lat' dir='ltr'>turbae</span> <span class='ocrx_word' id='word_1_171' title='bbox 959 3406 1126 3476; x_wconf 87' lang='lat' dir='ltr'>volebant</span> <span class='ocrx_word' id='word_1_172' title='bbox 1145 3406 1292 3477; x_wconf 89' lang='lat' dir='ltr'>Manem</span> <span class='ocrx_word' id='word_1_173' title='bbox 1314 3431 1473 3500; x_wconf 91' lang='lat' dir='ltr'>compre·</span> 
     </span>
     <span class='ocr_line' id='line_1_25' title="bbox 425 3522 1473 3614; baseline 0.004 -25"><span class='ocrx_word' id='word_1_174' title='bbox 425 3523 575 3590; x_wconf 88' lang='lat' dir='ltr'>hensum</span> <span class='ocrx_word' id='word_1_175' title='bbox 610 3523 749 3591; x_wconf 88' lang='lat' dir='ltr'>tradere</span> <span class='ocrx_word' id='word_1_176' title='bbox 780 3523 972 3613; x_wconf 81' lang='lat' dir='ltr'>cpotestati</span> <span class='ocrx_word' id='word_1_177' title='bbox 1008 3522 1244 3604; x_wconf 87' lang='lat' dir='ltr'>barbarorum,</span> <span class='ocrx_word' id='word_1_178' title='bbox 1276 3525 1337 3614; x_wconf 91' lang='lat' dir='ltr'>qui</span> <span class='ocrx_word' id='word_1_179' title='bbox 1372 3533 1473 3593; x_wconf 92' lang='lat' dir='ltr'>erant</span> 
     </span>
    </p>
   </div>
   <div class='ocr_carea' id='block_1_4' title="bbox 418 3761 1472 4704">
    <p class='ocr_par' dir='ltr' id='par_1_5' title="bbox 418 3761 1472 4027">
     <span class='ocr_line' id='line_1_26' title="bbox 425 3761 1471 3837; baseline 0.006 -24"><span class='ocrx_word' id='word_1_180' title='bbox 425 3768 514 3814; x_wconf 83' lang='lat' dir='ltr'>autem</span> <span class='ocrx_word' id='word_1_181' title='bbox 534 3761 614 3816; x_wconf 81' lang='lat' dir='ltr'>etiam</span> <span class='ocrx_word' id='word_1_182' title='bbox 635 3762 668 3817; x_wconf 82' lang='lat' dir='ltr'>de</span> <span class='ocrx_word' id='word_1_183' title='bbox 681 3762 824 3818; x_wconf 80' lang='lat' dir='ltr'>Paracls&#39;to</span> <span class='ocrx_word' id='word_1_184' title='bbox 840 3764 960 3837; x_wconf 83' lang='lat' dir='ltr'>positum</span> <span class='ocrx_word' id='word_1_185' title='bbox 975 3764 1002 3818; x_wconf 82' lang='lat' dir='ltr'>in</span> <span class='ocrx_word' id='word_1_186' title='bbox 1017 3762 1177 3837; x_wconf 74' lang='lat' dir='ltr'>scripturis.</span> <span class='ocrx_word' id='word_1_187' title='bbox 1220 3762 1303 3828; x_wconf 83' lang='lat' dir='ltr'>Mox,</span> <span class='ocrx_word' id='word_1_188' title='bbox 1317 3763 1402 3818; x_wconf 79' lang='lat' dir='ltr'>mittit</span> <span class='ocrx_word' id='word_1_189' title='bbox 1415 3764 1471 3819; x_wconf 81' lang='lat' dir='ltr'>dis-</span> 
     </span>
     <span class='ocr_line' id='line_1_27' title="bbox 425 3856 1472 3933; baseline 0.004 -22"><span class='ocrx_word' id='word_1_190' title='bbox 425 3856 528 3931; x_wconf 84' lang='lat' dir='ltr'>cipulos</span> <span class='ocrx_word' id='word_1_191' title='bbox 548 3876 620 3925; x_wconf 87' lang='lat' dir='ltr'>suos,</span> <span class='ocrx_word' id='word_1_192' title='bbox 641 3858 701 3914; x_wconf 85' lang='lat' dir='ltr'>sine</span> <span class='ocrx_word' id='word_1_193' title='bbox 722 3859 860 3932; x_wconf 81' lang='lat' dir='ltr'>porticula</span> <span class='ocrx_word' id='word_1_194' title='bbox 880 3867 914 3915; x_wconf 86' lang='lat' dir='ltr'>et.</span> <span class='ocrx_word' id='word_1_195' title='bbox 959 3860 1037 3932; x_wconf 85' lang='lat' dir='ltr'>(For.</span> <span class='ocrx_word' id='word_1_196' title='bbox 1059 3857 1265 3933; x_wconf 71' lang='lat' dir='ltr'>praeferendum</span> <span class='ocrx_word' id='word_1_197' title='bbox 1291 3867 1334 3915; x_wconf 89' lang='lat' dir='ltr'>est</span> <span class='ocrx_word' id='word_1_198' title='bbox 1355 3859 1472 3915; x_wconf 83' lang='lat' dir='ltr'>verbnm</span> 
     </span>
     <span class='ocr_line' id='line_1_28' title="bbox 418 3954 865 4027; baseline 0.004 -19"><span class='ocrx_word' id='word_1_199' title='bbox 418 3954 580 4027; x_wconf 70' lang='lat' dir='ltr'>fugarent.)</span> <span class='ocrx_word' id='word_1_200' title='bbox 861 4018 865 4024; x_wconf 24' lang='lat'>⁸</span> 
     </span>
    </p>

    <p class='ocr_par' dir='ltr' id='par_1_6' title="bbox 426 4049 1472 4223">
     <span class='ocr_line' id='line_1_29' title="bbox 466 4049 1472 4128; baseline 0.005 -23"><span class='ocrx_word' id='word_1_201' title='bbox 466 4059 481 4089; x_wconf 78' lang='lat'>⁸</span> <span class='ocrx_word' id='word_1_202' title='bbox 495 4049 567 4105; x_wconf 86' lang='lat' dir='ltr'>Cod.</span> <span class='ocrx_word' id='word_1_203' title='bbox 585 4049 651 4106; x_wconf 82' lang='lat' dir='ltr'>Vot.</span> <span class='ocrx_word' id='word_1_204' title='bbox 670 4050 729 4112; x_wconf 89' lang='lat' dir='ltr'>Quo</span> <span class='ocrx_word' id='word_1_205' title='bbox 744 4070 804 4107; x_wconf 89' lang='lat' dir='ltr'>cum</span> <span class='ocrx_word' id='word_1_206' title='bbox 818 4052 975 4108; x_wconf 83' lang='lat' dir='ltr'>advenisset.</span> <span class='ocrx_word' id='word_1_207' title='bbox 1017 4052 1105 4107; x_wconf 83' lang='lat' dir='ltr'>Paulo</span> <span class='ocrx_word' id='word_1_208' title='bbox 1125 4060 1200 4126; x_wconf 87' lang='lat' dir='ltr'>post,</span> <span class='ocrx_word' id='word_1_209' title='bbox 1212 4051 1472 4128; x_wconf 75' lang='lat' dir='ltr'>pseudoprophetam</span> 
     </span>
     <span class='ocr_line' id='line_1_30' title="bbox 426 4147 1098 4223; baseline 0.006 -23"><span class='ocrx_word' id='word_1_210' title='bbox 426 4164 483 4201; x_wconf 89' lang='lat' dir='ltr'>esse</span> <span class='ocrx_word' id='word_1_211' title='bbox 496 4147 647 4219; x_wconf 81' lang='lat' dir='ltr'>manifeste.</span> <span class='ocrx_word' id='word_1_212' title='bbox 678 4147 742 4204; x_wconf 83' lang='lat' dir='ltr'>Sed.</span> <span class='ocrx_word' id='word_1_213' title='bbox 787 4148 865 4219; x_wconf 89' lang='lat' dir='ltr'>(For.</span> <span class='ocrx_word' id='word_1_214' title='bbox 883 4148 1098 4223; x_wconf 88' lang='lat' dir='ltr'>recipiendum.)</span> 
     </span>
    </p>

    <p class='ocr_par' dir='ltr' id='par_1_7' title="bbox 423 4237 1472 4416">
     <span class='ocr_line' id='line_1_31' title="bbox 465 4237 1472 4320; baseline 0.005 -23"><span class='ocrx_word' id='word_1_215' title='bbox 465 4237 576 4299; x_wconf 82' lang='lat' dir='ltr'>bldem</span> <span class='ocrx_word' id='word_1_216' title='bbox 598 4243 660 4298; x_wconf 92' lang='lat' dir='ltr'>cod.</span> <span class='ocrx_word' id='word_1_217' title='bbox 676 4244 703 4299; x_wconf 80' lang='lat' dir='ltr'>in</span> <span class='ocrx_word' id='word_1_218' title='bbox 718 4244 922 4319; x_wconf 72' lang='lat' dir='ltr'>quibuscumque</span> <span class='ocrx_word' id='word_1_219' title='bbox 935 4246 1003 4301; x_wconf 81' lang='lat' dir='ltr'>locis</span> <span class='ocrx_word' id='word_1_220' title='bbox 1017 4254 1154 4320; x_wconf 84' lang='lat' dir='ltr'>repertum</span> <span class='ocrx_word' id='word_1_221' title='bbox 1170 4245 1334 4300; x_wconf 80' lang='lat' dir='ltr'>ostendimus</span> <span class='ocrx_word' id='word_1_222' title='bbox 1355 4263 1472 4318; x_wconf 84' lang='lat' dir='ltr'>compre-</span> 
     </span>
     <span class='ocr_line' id='line_1_32' title="bbox 423 4339 1114 4416; baseline 0.006 -23"><span class='ocrx_word' id='word_1_223' title='bbox 423 4339 511 4395; x_wconf 78' lang='lat' dir='ltr'>hendi.</span> <span class='ocrx_word' id='word_1_224' title='bbox 556 4340 696 4404; x_wconf 84' lang='lat' dir='ltr'>Fortasse,</span> <span class='ocrx_word' id='word_1_225' title='bbox 714 4342 902 4414; x_wconf 84' lang='lat' dir='ltr'>offenderetur,</span> <span class='ocrx_word' id='word_1_226' title='bbox 919 4342 1114 4416; x_wconf 74' lang='lat' dir='ltr'>comprehendi.</span> 
     </span>
    </p>

    <p class='ocr_par' dir='ltr' id='par_1_8' title="bbox 423 4435 1472 4704">
     <span class='ocr_line' id='line_1_33' title="bbox 464 4435 1471 4513; baseline 0.003 -23"><span class='ocrx_word' id='word_1_227' title='bbox 464 4446 477 4477; x_wconf 77' lang='lat'><em>⁶</em></span> <span class='ocrx_word' id='word_1_228' title='bbox 493 4435 525 4491; x_wconf 92' lang='lat' dir='ltr'>ln</span> <span class='ocrx_word' id='word_1_229' title='bbox 541 4436 641 4493; x_wconf 89' lang='lat' dir='ltr'>eodem</span> <span class='ocrx_word' id='word_1_230' title='bbox 652 4437 715 4492; x_wconf 90' lang='lat' dir='ltr'>cod.</span> <span class='ocrx_word' id='word_1_231' title='bbox 727 4438 793 4495; x_wconf 77' lang='lat' dir='ltr'>vat.</span> <span class='ocrx_word' id='word_1_232' title='bbox 804 4441 937 4513; x_wconf 81' lang='lat' dir='ltr'>potestati</span> <span class='ocrx_word' id='word_1_233' title='bbox 951 4439 1137 4502; x_wconf 80' lang='lat' dir='ltr'>barbarorum,</span> <span class='ocrx_word' id='word_1_234' title='bbox 1150 4440 1198 4513; x_wconf 82' lang='lat' dir='ltr'>qui</span> <span class='ocrx_word' id='word_1_235' title='bbox 1211 4447 1289 4494; x_wconf 68' lang='lat' dir='ltr'>mant</span> <span class='ocrx_word' id='word_1_236' title='bbox 1302 4439 1384 4494; x_wconf 80' lang='lat' dir='ltr'>vicini</span> <span class='ocrx_word' id='word_1_237' title='bbox 1398 4438 1471 4494; x_wconf 82' lang='lat' dir='ltr'>ultra</span> 
     </span>
     <span class='ocr_line' id='line_1_34' title="bbox 423 4529 1472 4608; baseline 0.002 -23"><span class='ocrx_word' id='word_1_238' title='bbox 423 4529 550 4587; x_wconf 84' lang='lat' dir='ltr'>Stracum</span> <span class='ocrx_word' id='word_1_239' title='bbox 558 4532 683 4605; x_wconf 80' lang='lat' dir='ltr'>fluuium.</span> <span class='ocrx_word' id='word_1_240' title='bbox 727 4532 809 4598; x_wconf 89' lang='lat' dir='ltr'>Mox,</span> <span class='ocrx_word' id='word_1_241' title='bbox 824 4542 951 4590; x_wconf 84' lang='lat' dir='ltr'>venerant</span> <span class='ocrx_word' id='word_1_242' title='bbox 966 4535 1073 4608; x_wconf 81' lang='lat' dir='ltr'>quidum</span> <span class='ocrx_word' id='word_1_243' title='bbox 1087 4534 1223 4591; x_wconf 73' lang='lat' dir='ltr'>domiuum</span> <span class='ocrx_word' id='word_1_244' title='bbox 1238 4536 1274 4589; x_wconf 85' lang='lat' dir='ltr'>ad</span> <span class='ocrx_word' id='word_1_245' title='bbox 1287 4533 1472 4608; x_wconf 78' lang='lat' dir='ltr'>requirendum</span> 
     </span>
     <span class='ocr_line' id='line_1_35' title="bbox 426 4631 1040 4704; baseline 0.005 -23"><span class='ocrx_word' id='word_1_246' title='bbox 426 4645 494 4691; x_wconf 84' lang='lat' dir='ltr'>eum,</span> <span class='ocrx_word' id='word_1_247' title='bbox 509 4645 559 4700; x_wconf 81' lang='lat' dir='ltr'>quo</span> <span class='ocrx_word' id='word_1_248' title='bbox 573 4647 701 4704; x_wconf 81' lang='lat' dir='ltr'>nusquam</span> <span class='ocrx_word' id='word_1_249' title='bbox 717 4638 832 4704; x_wconf 85' lang='lat' dir='ltr'>reperto,</span> <span class='ocrx_word' id='word_1_250' title='bbox 848 4631 1040 4686; x_wconf 79' lang='lat' dir='ltr'>discesserunt.</span> 
     </span>
    </p>
   </div>
   <div class='ocr_carea' id='block_1_5' title="bbox 0 0 1914 5692">
    <p class='ocr_par' dir='ltr' id='par_1_9' title="bbox 0 0 1914 5692">
     <span class='ocr_line' id='line_1_36' title="bbox 0 0 1914 5692; baseline 0 1"><span class='ocrx_word' id='word_1_251' title='bbox 0 0 1914 5692; x_wconf 95' lang='lat' dir='ltr'> </span> 
     </span>
    </p>
   </div>
  </div>
 </body>
</html>
