3817 5692
757 704 1067 767 DISPUTATIO.
1391 710 1435 776 99

385 875 563 944 destructa
582 875 769 959 videbitur,
787 878 953 967 quoniam
981 900 1051 945 nou
1071 878 1147 967 jam
1171 877 1352 958 molestus,
1371 880 1433 948 sed

385 990 519 1059 amicus
545 989 619 1059 fore
646 991 838 1081 putabitur.
891 991 997 1074 Quod
1025 993 1051 1060 si
1075 1016 1096 1062 a
1118 991 1273 1084 maligno
1291 1016 1432 1062 murum

384 1104 480 1174 dicos
506 1126 581 1174 esse
607 1106 846 1189 destmctum;
874 1106 1053 1197 quomodo
1079 1118 1227 1196 possunt
1255 1107 1336 1176 boni
1365 1106 1433 1178 Dei

385 1241 491 1309 opera
512 1243 534 1289 a
555 1220 711 1314 maligno
736 1221 917 1313 superari?
943 1221 1099 1312 alioquin
1126 1222 1250 1290 fortior
1276 1221 1356 1291 Deo
1379 1225 1434 1293 iu-

383 1335 546 1405 venietur
562 1337 717 1429 maligna
733 1347 869 1406 natura.
920 1336 1109 1419 Quomodo
1127 1345 1164 1406 et
1182 1338 1269 1427 ipse,
1287 1360 1368 1407 cum
1388 1339 1434 1408 sit

384 1450 528 1518 omuino
553 1459 651 1521 totus
674 1453 839 1529 tenebrae,
866 1451 936 1520 luci
965 1454 1180 1542 supervenit,
1207 1461 1245 1521 ot
1275 1476 1435 1544 compre-

383 1562 518 1645 hendit,
543 1564 770 1657 Evangelista
796 1567 1039 1635 testimonium
1067 1568 1213 1647 ferente,
1232 1569 1316 1658 quia
1333 1566 1435 1638 ¹Luo‘
1499 1656 1501 1659 .

382 1677 469 1750 lucet
494 1680 710 1763 intenebris,
737 1691 769 1752 et
795 1680 940 1751 tenebra:
969 1706 1042 1752 eom
1073 1704 1142 1751 non
1173 1682 1434 1776 comprehende-

382 1795 497 1865 runt?
522 1796 711 1879 Quomodo
729 1819 841 1867 oaeous
858 1796 1038 1867 armatur?
1068 1798 1257 1881 Quomodo
1275 1800 1434 1869 teuebrae

382 1911 547 1981 adversus
577 1911 666 1982 lucis
695 1934 844 2005 regnum
872 1913 1065 1981 dimicant?
1098 1912 1200 1982 Siout
1233 1914 1328 1982 enim
1359 1914 1434 1985 haeo

382 2023 521 2095 rillaesis
547 2026 659 2095 oculis
689 2025 771 2095 solis
797 2027 911 2095 radios
938 2028 974 2094 in
1004 2049 1041 2095 se
1071 2028 1227 2117 recipere
1257 2050 1327 2097 non
1356 2052 1435 2119 pos-

382 2149 485 2223 sunt;
510 2142 612 2210 itaet
629 2141 687 2211 hio
705 2141 795 2211 ferre
813 2163 883 2210 non
902 2140 997 2211 valet
1016 2143 1115 2234 regui
1133 2141 1221 2211 lucis
1248 2143 1431 2225 intuitum,

381 2255 443 2324 sed
461 2264 583 2326 manet
600 2279 739 2348 sempor
756 2267 957 2337 extraneus,
975 2266 1013 2325 et
1030 2257 1175 2326 alienus.

432 2369 560 2442 XXV.
593 2370 729 2441 Murrus
755 2391 871 2449 mm,
898 2368 1005 2440 2Non
1032 2394 1154 2440 omues
1185 2373 1329 2463 capiunt
1356 2396 1430 2443 ver·

381 2485 467 2556 bum
486 2486 565 2570 Dei,
584 2489 645 2558 sed
663 2489 791 2580 quibus
809 2489 931 2555 dotum
957 2497 1011 2557 est
1034 2488 1122 2557 scire
1146 2490 1313 2579 mysteria
1330 2491 1429 2581 regui

381 2601 560 2673 oaelorum.
612 2604 678 2673 ⁸Et
706 2606 782 2695 jam
813 2601 958 2694 quidem
992 2604 1064 2671 scio
1094 2603 1155 2692 qui
1191 2604 1262 2671 sint
1296 2606 1429 2686 nostri;

380 2714 499 2788 3Μετε
541 2720 646 2798 enim,
689 2720 814 2810 inquit,
856 2740 931 2787 oues
970 2739 1080 2786 vocem
1125 2739 1233 2785 meam
1272 2717 1429 2790 audiunt.

381 2830 532 2924 Propter
556 2844 695 2903 nostros
717 2856 811 2925 ergo,
834 2832 962 2922 quibus
986 2834 1089 2900 dotus
1113 2840 1167 2901 est
1193 2832 1352 2903 veritatis
1378 2834 1430 2902 in-

380 2946 554 3032 tellectus,
579 2972 642 3041 per
666 2948 916 3018 similitudines
942 2949 1067 3016 dicam.
1119 2946 1254 3016 Similis
1280 2955 1334 3016 est
1356 2971 1429 3017 mo·

380 3060 496 3154 lignus
521 3063 628 3145 leoni,
653 3066 713 3154 qui
740 3065 893 3155 irrepere
920 3063 998 3132 vult
1028 3063 1126 3155 gregi
1153 3063 1237 3131 boni
1259 3064 1428 3154 pastoris3

380 3178 574 3266 quodcum
600 3188 720 3271 postor
744 3179 882 3257 viderit,
901 3178 991 3247 fodit
1017 3178 1154 3247 foveam
1181 3179 1373 3269 ingentem,
1391 3186 1429 3247 et

379 3292 425 3360 do
450 3315 557 3385 grege
575 3293 659 3363 tulit
681 3317 793 3364 uuum
810 3294 965 3374 haedum,
985 3304 1022 3363 et
1039 3294 1189 3384 jactavit
1215 3295 1251 3362 in
1278 3293 1427 3375 foveam,

379 3429 485 3497 quem
503 3407 560 3477 leo
577 3409 743 3479 invadere
767 3409 980 3493 desiderum,
997 3431 1078 3478 cum
1105 3408 1241 3500 ingenti
1267 3407 1428 3500 indiguo·

378 3522 477 3592 tione
497 3523 608 3593 voluit
625 3546 706 3593 eum
724 3523 920 3603 obsorbere,
939 3532 977 3593 et
995 3545 1180 3593 accurrens
1206 3523 1251 3592 ad
1277 3524 1426 3605 foveam,

379 3637 510 3707 decidit
527 3639 565 3707 in
582 3660 671 3720 eam,
689 3638 900 3708 ascendendi
927 3640 1010 3708 iude
1036 3661 1172 3708 sursum
1197 3660 1267 3706 non
1293 3637 1427 3707 habens

379 3751 490 3834 vires3
517 3775 623 3843 quem
646 3763 765 3844 pastor
787 3753 1046 3843 apprehensum
1073 3776 1135 3844 pro
1154 3752 1340 3843 prudentio
1365 3775 1428 3821 suo

378 3865 414 3935 iu
432 3888 539 3936 caveo
555 3867 746 3950 concludit,
764 3877 871 3959 atque
888 3866 1039 3947 hoedum,
1053 3866 1113 3957 qui
1127 3888 1208 3935 oum
1226 3865 1302 3955 ipso
1320 3865 1427 3936 fuerit

419 4138 431 4169 ¹
453 4129 487 4184 ln
500 4129 601 4186 eodem
622 4129 685 4185 cod.
704 4129 777 4185 illius
798 4129 892 4193 oculis,
914 4127 993 4184 nullo
1012 4146 1106 4183 sensu.
1134 4127 1213 4198 (For.
1235 4126 1276 4181 ltae
1298 4144 1351 4199 pro
1371 4125 1426 4183 ἠως

377 4224 506 4299 legend.)

418 4329 430 4361 ⁸
452 4321 486 4377 lu
501 4321 650 4378 cosinensi
664 4320 761 4377 codice
782 4320 924 4385 scribitur,
940 4323 1022 4376 etiam
1036 4320 1150 4394 quidm.
1194 4317 1252 4374 Sed
1272 4318 1425 4394 legendum

377 4416 497 4485 videtur,
513 4418 608 4489 etjam
622 4418 735 4492 quidem.
759 4436 833 4491 saepe
847 4418 923 4473 enim
938 4418 966 4473 iu
977 4417 1032 4473 hoc
1047 4416 1143 4472 codice
1155 4416 1316 4489 junguntur
1330 4417 1424 4481 verba,

377 4531 439 4586 quae
454 4514 579 4588 disjungi
594 4514 706 4570 debent.

500 4616 506 4638 ¹
522 4610 606 4666 Joan.
621 4611 640 4667 i.
655 4626 682 4683 5.
776 4617 783 4639 ²
799 4611 872 4667 Mat.
887 4611 948 4666 xix.
964 4629 1009 4665 11.
1093 4608 1196 4665 ’Joou
1211 4626 1241 4663 x.
1256 4620 1302 4680 27.

874 4722 926 4766 02
