3817 5692
639 693 883 757 RESPONSA
906 693 974 756 AD
997 692 1261 756 EPISCOPOS.
1411 694 1475 757 275

428 865 502 936 dies
529 868 667 951 cenarit,
693 865 788 939 nodis
817 869 991 962 imputent,
1019 866 1110 961 qaod
1131 891 1199 961 per
1224 890 1285 936 aas
1311 889 1380 935 aaa
1404 867 1475 935 siat

429 978 604 1074 baptizati,
632 991 663 1053 ct
698 982 943 1078 iadrdpentiam
979 980 1108 1052 divina
1136 981 1264 1076 pratia
1293 979 1472 1050 consecuti.

429 1094 580 1191 Propter
597 1097 786 1191 quodcum
804 1098 850 1167 sit
867 1119 937 1167 aua
949 1095 1106 1168 Ecclesia
1123 1105 1154 1167 ct
1172 1119 1277 1166 arcam
1295 1093 1472 1189 baptismo,
1483 1114 1573 1177 epae..
1586 1114 1621 1162 a.

429 1211 566 1304 quanda
591 1211 639 1282 ad
664 1236 727 1283 aas
754 1220 1006 1295 convertantur,
1031 1209 1138 1282 simut
1164 1235 1239 1281 cam
1260 1208 1417 1281 Ecclesia
1441 1192 1538 1279 et⁴'⁵'

428 1323 593 1396 Ecclesia
609 1324 810 1421 baptismam
828 1334 1086 1420 cousequantur.

479 1440 596 1511 Immo
613 1441 773 1512 translati
790 1443 834 1512 ad
852 1450 988 1533 petram
1003 1450 1040 1509 et
1053 1440 1226 1511 columbae
1243 1442 1365 1511 sociati
1383 1441 1474 1511 acci-

428 1557 527 1646 piant
556 1557 795 1626 remissionem
831 1565 1068 1647 peccatorum,
1098 1579 1203 1646 quam
1238 1556 1368 1627 habere
1402 1579 1473 1625 non

428 1679 592 1760 poterant
627 1681 730 1741 extra
767 1683 904 1763 petram
942 1681 980 1742 et
1018 1680 1119 1741 extra
1152 1672 1365 1754 columbam,
1400 1672 1474 1741 sive

428 1795 550 1876 aperte
576 1788 669 1870 forie,
693 1790 785 1858 sicut
810 1788 977 1870 haeretici,
999 1787 1072 1857 sive
1099 1797 1279 1878 tamquam
1305 1788 1411 1868 intus,
1429 1789 1474 1857 si-

428 1910 489 1970 cut
519 1903 647 1993 perditi
676 1902 860 1975 catholici:
888 1926 976 1995 qnos
1006 1911 1126 1971 tamen
1156 1902 1369 1993 baptismum
1398 1903 1473 1971 sine

430 2016 631 2087 remissione
657 2028 882 2109 peccatorum
908 2027 946 2087 et
972 2018 1112 2099 habere,
1131 2027 1168 2087 et
1192 2017 1287 2098 dare,
1309 2018 1473 2088 manifes-

428 2141 504 2199 tum
522 2141 586 2213 est,
603 2156 686 2202 cum
713 2142 750 2203 et
774 2134 820 2203 ab
844 2134 928 2225 ipsis
953 2131 1043 2202 tales
1064 2133 1250 2224 accipiunt,
1269 2132 1330 2223 qni
1347 2155 1419 2202 non
1435 2133 1472 2201 in

428 2245 554 2315 melius
571 2249 780 2317 commutati
798 2248 918 2317 Deum
941 2246 1042 2317 labiis
1068 2246 1251 2328 honorant,
1269 2270 1330 2317 cor
1349 2256 1471 2317 autem
1481 2265 1538 2315 na.
1551 2266 1620 2315 uix.

427 2381 548 2428 eorum
566 2358 671 2453 longe
688 2371 743 2431 est
760 2363 805 2433 ab
822 2386 875 2432 eo.
927 2360 1067 2432 Tamen
1093 2362 1142 2431 sic
1168 2372 1223 2432 est
1249 2386 1359 2432 unum
1386 2344 1625 2455 bap-lim.

427 2474 542 2556 tisma,
563 2477 740 2565 quomodo
767 2486 821 2545 est
849 2500 921 2546 una
949 2476 1122 2556 columba,
1143 2499 1225 2546 cum
1251 2479 1386 2568 possint
1411 2458 1505 2569 qui⁸·

427 2611 497 2656 non
523 2600 606 2659 sunt
633 2592 669 2660 in
697 2592 862 2662 columba
886 2592 1132 2674 communiter,
1155 2592 1330 2683 baptisma
1352 2602 1472 2663 tamen

427 2703 558 2777 habere
575 2709 821 2778 communiter.

384 2839 389 2851 ·
478 2821 574 2891 Item
600 2821 690 2893 alius
717 2821 885 2894 Aurelius
915 2847 936 2894 a
961 2820 1126 2894 Chullabi
1155 2824 1266 2893 dixit:
1291 2822 1596 2897 Jotanaescuo·
1647 2875 1652 2880 -

428 2935 598 3029 apostatas
623 2939 660 3008 in
683 2937 824 3033 epistota
849 2962 913 3009 saa
934 2939 1060 3032 posuit,
1078 2936 1123 3010 Si
1140 2939 1217 3031 qais
1234 2938 1283 3009 ad
1297 2963 1354 3011 aas
1372 2942 1471 3024 ocait,
1482 2951 1640 3016 alcha-¹0,

428 3062 459 3123 ct
480 3051 669 3124 doctrinam
691 3052 825 3127 Christi
847 3077 917 3124 aaa
939 3050 1047 3136 tradat,
1065 3053 1169 3124 nolite
1193 3077 1268 3125 eam
1294 3032 1521 3127 admitterc¹¹'

429 3167 466 3236 in
484 3167 620 3238 danum
638 3178 794 3252 vestram,
813 3177 844 3239 et
859 3168 935 3239 Aac
952 3166 1007 3239 illi
1024 3192 1066 3238 aa
1082 3167 1254 3238 diceritis.
1295 3168 1366 3258 Qui
1382 3170 1472 3241 caim

429 3280 561 3354 dicerit
582 3282 636 3354 illi
652 3285 737 3365 Aac,
756 3284 982 3356 communicat
993 3282 1106 3378 sactis
1128 3284 1198 3375 ejas
1219 3283 1330 3355 ruatis.
1383 3284 1475 3374 Qan-

430 3399 529 3469 modo
551 3399 633 3471 tales
655 3400 792 3471 admitti
809 3410 931 3471 temere
948 3400 986 3469 iu
1003 3397 1140 3469 domam
1157 3397 1230 3469 Dei
1241 3409 1395 3494 pussant,
1414 3403 1475 3495 qai

429 3515 466 3583 ia
495 3512 632 3586 domam
667 3525 818 3587 nostram
844 3515 1021 3609 privatam
1050 3513 1189 3585 admitti
1215 3513 1475 3609 prohibeatur?

425 3629 502 3700 Act
518 3629 684 3724 qaourodo
701 3654 776 3701 cam
800 3631 850 3700 eie
872 3630 947 3700 ciac
963 3628 1129 3700 Ecclesia
1145 3627 1311 3723 baptisma
1328 3655 1476 3702 comma-

429 3745 547 3814 aicaca
570 3767 763 3839 posuimus,
793 3744 914 3838 quidm
943 3746 976 3814 ei
1001 3744 1078 3815 Aac
1107 3743 1300 3815 diaerimae
1330 3755 1473 3831 tantam,

416 3856 530 3950 sactis
547 3882 666 3929 coram
684 3858 785 3930 matie
802 3859 1123 3931 commanicamas?

478 3973 534 4042 De
555 3973 623 4043 hoc
646 3975 849 4043 testimonio
869 3973 1043 4044 Johannis
1070 3999 1140 4044 non
1169 3983 1223 4045 est
1248 3977 1380 4048 diutius
1403 3978 1473 4048 dis·

427 4089 625 4171 serendum,
652 4090 935 4181 quandoquidem
967 4090 1010 4158 ad
1037 4091 1269 4181 quaestionem
1296 4091 1472 4183 baptismi,

426 4225 533 4294 quam
559 4205 664 4275 modo
695 4213 895 4285 tractamus,
922 4205 1066 4273 omniuo
1096 4227 1166 4272 non
1192 4206 1357 4295 pertinet.
1408 4204 1473 4275 Ait

425 4319 593 4400 enimsi
620 4322 697 4412 quis
725 4321 768 4389 ad
796 4341 857 4389 vos
883 4320 1029 4400 venerit,
1056 4327 1094 4387 et
1120 4320 1314 4388 doctrinam
1340 4319 1471 4389 Christi

426 4434 632 4505 nonhabet.
685 4434 854 4505 Haeretici
874 4444 995 4504 autem
1020 4433 1258 4524 relinquentes
1275 4433 1471 4503 doctrinam

425 4552 551 4620 erroris
568 4552 631 4633 sui,
650 4551 694 4620 ad
713 4551 842 4621 Christi
865 4550 1061 4619 doctrinam
1079 4556 1343 4630 convertuntur,
1363 4557 1402 4616 ut
1419 4548 1472 4616 in-

903 4683 924 4722 n
941 4681 962 4721 n
978 4677 996 4722 2
