3817 5692
567 699 632 767 276
941 698 974 762 S.
991 699 1263 763 AUGUSTINI

567 880 795 962 corporentur
817 867 1000 950 Ecclesiae‚
1025 878 1062 938 et
1091 870 1134 938 ad
1167 868 1264 939 illam
1294 869 1496 941 columbam
1527 870 1620 942 inei-

566 986 665 1076 piant
677 985 864 1076 pertinere,
876 985 976 1075 eujus
992 991 1250 1053 sacramentum
1264 984 1464 1055 habebant:
1482 993 1521 1055 et
1533 986 1619 1055 ideo

567 1101 661 1191 quod
688 1101 763 1192 ejus
792 1124 863 1169 non
893 1099 1081 1180 habebant,
1108 1100 1158 1201 eis
1186 1100 1298 1181 datur,
1325 1101 1361 1169 id
1389 1108 1453 1183 est,
1478 1124 1552 1193 pax
1578 1111 1620 1172 et

405 1215 691 1288 mmo-acanus
720 1214 765 1283 de
795 1215 900 1284 eorde
929 1237 1029 1306 puro,
1051 1223 1088 1282 et
1113 1214 1328 1284 conscientia
1354 1215 1457 1296 bona,
1479 1224 1518 1286 et
1544 1214 1619 1284 fide

564 1350 635 1397 non
660 1328 754 1398 ficta.
806 1329 911 1412 Quod
939 1338 1059 1398 autem
1087 1330 1163 1420 ejus
1189 1327 1378 1411 habebant,
1401 1331 1622 1422 agnoscitur,

565 1451 602 1511 et
623 1442 699 1513 sine
720 1443 793 1513 ulla
813 1442 1030 1514 contumelia
1052 1443 1261 1536 suscipitur:
1287 1445 1381 1513 siout
1397 1443 1434 1514 in
1451 1444 1621 1515 adultera

566 1555 664 1626 Deus
694 1560 853 1651 agnoscit
882 1560 976 1629 dona
1006 1581 1080 1640 sua,
1110 1560 1218 1628 etiam
1249 1582 1331 1629 cum
1361 1558 1424 1629 illa
1452 1562 1621 1652 sequitur
1684 1645 1688 1651 ⁵

563 1682 739 1744 amatores
765 1697 866 1758 suos;
892 1676 975 1766 quia
1000 1675 1232 1744 fornicatione
1254 1684 1439 1761 'correcta
1457 1698 1542 1747 oum
1567 1677 1619 1747 ad

563 1788 763 1857 castitatem
787 1789 1015 1870 convertitur,
1033 1810 1104 1858 nou
1131 1789 1223 1858 dona
1248 1787 1309 1858 ills
1333 1788 1531 1881 culpantur,
1550 1791 1619 1860 sed

562 1902 637 1993 ipsa
662 1907 881 1975 emendatur.
933 1905 1036 1975 Sicut
1065 1927 1103 1975 se
1129 1912 1250 1975 autem
1276 1914 1395 1996 posset
1420 1906 1619 1978 defendere

564 2016 767 2110 Cyprianus,
785 2023 814 2091 si
837 2022 906 2090 boo
925 2022 959 2090 ei
977 2019 1149 2091 Jobannis
1175 2021 1418 2089 testimonium
1443 2020 1620 2112 objicere·

564 2141 633 2214 tur,
652 2137 793 2226 quando
810 2135 941 2207 talibus
964 2135 1270 2217 communicabam
1296 2138 1347 2206 ita
1364 2158 1401 2206 se
1419 2136 1618 2208 defendant

565 2259 687 2319 eontra
704 2274 792 2341 quos
808 2252 947 2322 dicitur.
1000 2252 1095 2321 Nam
1117 2250 1161 2321 ad
1183 2252 1289 2321 istam
1310 2253 1552 2342 quaestionem,
1571 2261 1619 2322 ut

400 2368 649 2449 asohmnodixi,
680 2370 823 2438 omnino
858 2392 929 2438 non
959 2369 1125 2461 pertinet.
1176 2366 1358 2437 Johannes
1389 2368 1484 2437 enim
1513 2366 1618 2451 dicit,

564 2486 687 2557 alienae
704 2484 872 2554 doetrinae
888 2484 1091 2553 hominibus
1110 2481 1189 2551 Ave
1208 2504 1280 2551 non
1302 2504 1379 2553 essa
1400 2482 1618 2554 dicendum:

401 2611 477 2661 ¹00r·
487 2627 511 2659 v·
565 2598 697 2669 Paulus
724 2607 843 2667 autem
871 2597 1051 2690 apostolus
1074 2598 1318 2668 vehementius
1344 2598 1440 2679 dicit,
1467 2595 1506 2667 Si
1533 2600 1619 2690 quis

402 2691 440 2725 '¹'
562 2716 670 2784 frater
694 2714 896 2782 nominatur
919 2714 1091 2783 intervos
1116 2722 1179 2782 aut
1204 2735 1339 2796 avarus,
1357 2722 1419 2784 aut
1442 2713 1618 2797 ebriosus,

471 2845 473 2850 ·
561 2837 599 2897 et
624 2837 857 2910 ueteranum
882 2828 1054 2919 ejusmodi
1084 2852 1149 2898 nec
1180 2829 1323 2920 quidem
1354 2828 1475 2898 cibum
1504 2829 1617 2900 simul

561 2969 718 3016 sumere:
745 2954 926 3016 ettamen
951 2969 1033 3016 curn
1060 2946 1205 3039 collegis
1230 2947 1509 3029 foeneratoribus,
1527 2948 1619 3018 insi-

562 3062 675 3143 diosis,
695 3062 964 3144 fraudatoribus,
986 3062 1194 3153 raptoribus,
1216 3085 1287 3131 nou
1313 3063 1487 3153 privatum
1511 3084 1619 3132 men·

562 3199 646 3258 sam,
673 3176 734 3246 sed
760 3176 829 3246 Dei
859 3175 971 3246 altare
1002 3175 1156 3245 babebat
1185 3198 1374 3245 commune
1404 3175 1616 3268 Cyprianus.

563 3291 750 3374 Quomodo
775 3301 896 3361 autem
924 3291 992 3361 hoo
1021 3291 1239 3371 defendatur,
1252 3290 1329 3381 jam
1355 3293 1391 3359 in
1414 3290 1491 3361 aliis
1512 3290 1618 3364 libris

562 3406 646 3476 satis
665 3405 799 3475 dictum
819 3417 885 3478 est.

398 3543 512 3604 cmm.
614 3520 755 3591 Litteus
771 3545 793 3591 a
810 3519 983 3592 Gemellis
1001 3521 1112 3592 dixit:
1143 3520 1264 3594 Coeous
1290 3547 1414 3593 coeeum
1440 3525 1473 3593 si
1497 3521 1617 3608 ducat,

399 3616 541 3740 ἥξω·
562 3632 659 3703 ambo
677 3632 862 3726 iasooeam
880 3633 1016 3705 cadunt.
1069 3632 1158 3706 Cum
1181 3658 1261 3730 erpo
1283 3633 1459 3706 hereticos
1485 3646 1619 3709 constet

562 3770 631 3817 non
653 3770 754 3841 posse
781 3748 980 3820 illuminare
1004 3772 1214 3844 quemquam,
1236 3759 1351 3844 utpote
1377 3775 1481 3823 cereos
1493 3777 1505 3831 ,·
1530 3750 1618 3848 bap-

563 3861 665 3932 tiemo
682 3886 799 3933 eorum
817 3886 886 3935 non
903 3862 1000 3935 odet.

615 3975 695 4047 Neo
712 4001 776 4048 nos
793 3979 943 4050 dicimus
958 3978 1074 4050 valere
1092 3981 1136 4049 ad
1154 3979 1305 4052 salutem
1319 3982 1488 4073 quamdiu
1501 3982 1617 4053 haere-

563 4091 625 4160 tiei
651 4101 743 4175 sunt,
769 4095 876 4163 1siout
906 4103 943 4164 et
974 4093 1043 4163 illis
1071 4094 1257 4165 homicidis
1287 4097 1456 4187 quamdiu
1487 4099 1618 4172 fratres

563 4205 737 4275 oderuntz
763 4229 845 4276 nam
870 4217 907 4277 et
930 4208 997 4300 ipsi
1015 4209 1051 4277 in
1070 4209 1225 4279 tenebris
1242 4219 1337 4293 sunt,
1355 4220 1392 4280 et
1409 4212 1437 4281 si
1457 4211 1534 4303 quis
1551 4235 1619 4285 eos

605 4380 615 4411 ⁵
632 4369 717 4435 aditi,
733 4379 879 4445 corrupto:
901 4371 1046 4429 mendose.
1084 4372 1162 4443 (Hoc
1178 4372 1278 4428 melius
1293 4374 1354 4429 cod.
1370 4374 1442 4430 alter
1455 4392 1535 4431 meus
1551 4395 1617 4432 cor·

563 4474 649 4538 repta,
665 4467 716 4522 sed
731 4467 837 4541 optime
851 4467 938 4523 habet
952 4477 1075 4524 correcta
1091 4486 1170 4525 meus
1185 4469 1284 4543 prior.)

776 4586 783 4608 ¹
799 4580 878 4652 [For.
893 4582 1056 4654 legendum,
1073 4583 1146 4639 sicut
1161 4602 1213 4638 uec
1229 4584 1303 4640 valet
1318 4584 1395 4656 illis]
