3817 5692
795 712 1105 776 DISPUTATIO.
1323 779 1325 784 ,
1432 720 1472 779 51

424 879 539 961 πάλαι
557 881 602 961 ἂν
620 884 640 961 ὁ
658 889 799 985 πρῶτος
819 883 1006 986 ἅνθρωπος
1032 881 1266 987 κατεχόμενος
1283 886 1474 966 ἐκινδύνευ-

423 1042 499 1091 σεν.
536 1009 654 1088 ε”κτοτε
673 1010 735 1088 οὖν
753 1007 945 1115 κατέλειψε
966 1008 1062 1090 κάτω
1081 1010 1146 1109 τὴν
1165 1012 1301 1115 ψυχήν.
1339 1014 1399 1089 καὶ
1416 1010 1475 1090 διὰ

423 1142 528 1213 τοῦτο
548 1140 744 1238 Μανιχαῑοι
767 1134 828 1214 ἐὰν
846 1133 1128 1233 συναντήσωσιν
1148 1138 1337 1235 ἀλλήλοις,
1356 1135 1475 1241 δεξιὰς

423 1257 585 1341 διδόασιν
602 1262 738 1345 ἑαυτοῖς
756 1262 906 1361 σημείου
928 1261 1045 1366 χάριν,
1063 1265 1112 1346 ὡς
1129 1261 1201 1342 ἀπὸ
1221 1263 1374 1347 σκότους
1392 1297 1470 1342 σω·

423 1384 553 1470 θέντες.
593 1389 631 1465 έν
649 1386 721 1489 γὰρ
739 1394 791 1495 τῷ
815 1386 938 1466 σκότει
964 1386 1088 1473 πάσας
1116 1388 1180 1472 τὰς
1208 1393 1359 1491 αἱρέσεις
1388 1385 1475 1469 εἶναι

424 1513 532 1614 λέγει.
582 1512 662 1593 τότε
693 1514 762 1616 ξαν
792 1520 952 1612 Πνεῦμα,
987 1515 1105 1594 ἔκτισε
1138 1513 1202 1595 τόν
1234 1514 1383 1614 κόσμον,
1417 1518 1475 1593 καὶ

424 1638 511 1719 αὐτὸ
539 1639 702 1747 φορέσαν
724 1641 844 1742 ἑτέρας
871 1647 964 1741 τρεῖς
992 1638 1164 1739 δυνάμεις,
1185 1642 1360 1721 κατελθὸν
1383 1640 1472 1742 οἰνή-

426 1802 527 1871 νεγκε
545 1768 627 1852 τοὺς
651 1767 837 1872 ἄρχοντας,
857 1773 915 1847 καὶ
934 1770 1172 1873 ’ἐστερέωσεν
1190 1774 1228 1850 έν
1246 1777 1297 1879 τῷ
1315 1773 1470 1876 στερεό-

425 2007 480 2064 ιιικ
505 2000 644 2085 Spiritus
668 2002 785 2079 vivens,
813 2008 847 2065 οι
871 2003 925 2066 de-
976 2001 1071 2085 hujus
1092 2000 1174 2085 signi
1188 2002 1304 2086 guntin,
1320 2010 1475 2088 tanquam

425 2086 578 2150 spendens
591 2087 784 2171 porrexisset
799 2087 828 2151 ei
850 2087 925 2151 dex·
976 2108 1016 2150 ex
1041 2086 1182 2150 tenebris
1205 2087 1350 2160 liberaum
1374 2088 1406 2152 in
1428 2095 1476 2152 ιο-

426 2177 541 2247 nuram,
557 2179 590 2235 en
608 2172 769 2236 eduxisset
791 2193 864 2236 eum
885 2173 926 2236 de
975 2172 1082 2235 nebris
1096 2170 1180 2236 enim
1194 2184 1324 2237 romnus
1338 2174 1475 2238 haersses

425 2256 575 2333 nenebris,
590 2256 666 2321 olim
687 2257 807 2357 primus
830 2257 925 2321 homo
976 2279 1045 2320 esse
1077 2256 1197 2322 diuuut.
1248 2259 1337 2323 Tune
1366 2258 1475 2323 vivens

426 2339 575 2406 detentus
589 2340 832 2426 periuhtaretur.
873 2342 925 2405 Ex
976 2341 1114 2426 Spiritus
1129 2343 1247 2406 creavit
1261 2345 1424 2416 mundum,
1441 2350 1475 2407 et

426 2447 464 2489 eo
492 2448 569 2510 ergo
603 2427 743 2491 animum
777 2427 925 2491 deorsum
975 2426 1106 2491 indutus
1135 2428 1214 2492 alias
1238 2436 1305 2492 tres
1328 2430 1472 2502 virtutes,

425 2511 581 2596 'reliquiu
605 2519 639 2576 et
660 2521 830 2611 propterea
853 2511 924 2577 Mn-
974 2513 1168 2576 descendens
1196 2514 1307 2578 eduxii
1334 2514 1474 2577 ¹Prinui-

426 2595 538 2661 nichaei
553 2618 624 2660 eum
644 2597 704 2660 subi
726 2598 858 2661 unvieem
873 2618 924 2661 οο-
975 2619 1043 2681 pes,
1060 2604 1093 2661 et
1115 2598 1272 2662 crucifixit
1294 2620 1348 2662 eos
1369 2599 1402 2661 in
1420 2598 1474 2661 fir-

425 2688 569 2760 ourmnt,
591 2682 671 2747 dant
691 2681 752 2746 sibi
774 2683 925 2747 dexteras
975 2688 1148 2759 mamento,
1161 2683 1246 2767 quod
1262 2689 1311 2746 est
1325 2682 1393 2768 ejus
1407 2705 1475 2747 eor·

469 2905 483 2936 ¹
505 2892 603 2951 Codex
629 2892 787 2960 Bobiensis,
813 2893 950 2969 relinquit.
974 2891 1047 2948 mala
1070 2891 1164 2956 lectio,
1190 2900 1222 2949 ut
1244 2900 1323 2967 patet
1348 2911 1381 2949 ex
1407 2892 1476 2966 Epi-

427 2989 542 3064 phunio.

467 3096 481 3135 ι
501 3087 601 3144 Codex
615 3088 774 3154 Bobieusis,
789 3087 875 3143 omnis
889 3086 1001 3143 doeress'e
1018 3104 1076 3141 esee
1094 3086 1205 3142 dicitur.
1248 3083 1307 3142 Sed
1325 3084 1398 3141 hunc
1417 3085 1474 3142 lec·

426 3183 534 3240 tionem
547 3184 639 3260 rejicit
653 3184 837 3259 Epiphanius.

468 3288 483 3321 ¹
504 3280 576 3339 Haec
598 3290 643 3339 est
664 3282 749 3356 hujus
768 3280 824 3338 loci
838 3298 906 3336 vers
925 3279 1020 3346 lectio,
1036 3278 1195 3354 Epiphanio
1210 3277 1337 3351 probatu.
1380 3278 1475 3346 Quam

427 3374 503 3432 enim
517 3394 551 3433 ex
565 3378 663 3435 codice
677 3377 812 3435 Bobiensi
825 3375 957 3432 Valesius
971 3376 1111 3449 exprimit,
1126 3380 1289 3447 corruptum
1308 3391 1371 3429 esse
1389 3391 1475 3429 nemo

428 3490 487 3528 non
500 3474 593 3539 videt;
616 3475 657 3531 sic
681 3475 757 3530 enim
781 3492 812 3530 se
832 3472 927 3539 habet,
949 3473 1108 3528 descendens
1128 3472 1218 3528 eduxit
1238 3470 1474 3544 Principalem,

429 3571 519 3626 exiens
538 3572 569 3627 in
582 3572 793 3645 firmamentum,
808 3571 878 3645 quod
897 3579 947 3638 εει,
963 3571 1015 3626 διο.
1057 3569 1093 3625 In
1107 3587 1202 3643 graeco
1217 3565 1367 3641 Epiphnnii
1381 3575 1434 3630 est,
1449 3575 1476 3622 ει

428 3665 561 3723 stabilivit
586 3668 614 3723 in
632 3669 816 3742 firmamento,
839 3666 910 3740 quod
933 3674 973 3722 ιει
998 3666 1117 3740 ipsorum
1139 3681 1237 3738 ιοιριις
1258 3663 1375 3736 οριιατα.
1417 3660 1476 3717 Sed

429 3762 493 3819 vide
507 3765 628 3820 eundem
643 3763 833 3839 Epiphaniam
848 3780 910 3835 cap.
926 3763 976 3833 48.

470 3858 480 3887 ¹
506 3859 599 3935 [Lege
613 3861 789 3933 ἐσταύρωσεν,
804 3858 944 3914 crucifixit
958 3854 1194 3931 quemadmodum
1208 3853 1280 3926 legit
1293 3860 1375 3908 vetus
1388 3851 1475 3909 inter·

430 3973 503 4029 pres.
546 3955 622 4024 Quin
637 3956 722 4013 etiam
737 3954 911 4029 Epiphanius
925 3953 1004 4009 Hoer.
1018 3952 1086 4008 lxvi.
1101 3970 1131 4007 n.
1146 3949 1196 4022 48.
1230 3948 1378 4004 Menetem
1393 3948 1475 4004 refel-

429 4053 490 4110 lens
510 4053 572 4110 haec
593 4054 642 4118 sit,
656 4056 680 4108 si
700 4058 751 4108 τῶν
766 4054 898 4124 ἀρχόντων
917 4053 1038 4123 τυγχάνει
1059 4054 1135 4119 σῶμα
1156 4050 1186 4101 τὸ
1208 4048 1350 4118 στερέωμα,
1364 4047 1392 4100 ἐν
1405 4049 1476 4121 πόνῳ

429 4150 478 4220 ἄρα
492 4154 597 4224 σταυρῷ
609 4150 758 4222 προσέτιηξε
772 4149 832 4205 τοὺς
845 4148 1053 4218 apprensum·
1067 4147 1114 4216 piu
1127 4147 1179 4216 γὰρ
1192 4145 1278 4214 λέγεις
1290 4143 1383 4198 αὐτοὺς
1398 4143 1425 4196 έν
1439 4148 1476 4218 τῷ

429 4247 589 4317 στερεθιματι
602 4246 742 4316 συνῆχθαι,
756 4245 819 4300 ποτὶ
834 4245 862 4299 δι’
876 4244 984 4297 αὐτότὸ
998 4241 1132 4313 στερέωμα
1145 4245 1221 4308 σῶμα
1234 4244 1286 4292 τῶν
1299 4239 1382 4292 αὐτῶν
1396 4239 1476 4307 ὁρίζῃ.

430 4349 459 4396 et
473 4340 546 4399 infru
560 4340 670 4404 clarius,
684 4343 750 4411 μετὰ
767 4342 799 4395 τὸ
821 4338 1007 4410 εἀταυρωκίναι
1026 4338 1152 4408 ἄρχοντας
1172 4336 1198 4389 έν
1211 4338 1243 4401 τῇ
1265 4335 1375 4403 σφαίρᾳ.
1418 4333 1476 4389 De·

431 4455 517 4501 mum,
534 4440 607 4512 (cup.
619 4436 676 4494 viii.
691 4456 719 4511 p.
735 4437 812 4512 159.)
830 4437 890 4492 τοὺς
911 4435 1038 4506 ἄρχοντας
1059 4435 1120 4490 τοὺς
1141 4434 1168 4487 έν
1188 4430 1225 4505 τῷ
1246 4431 1405 4500 στερεώματι
1427 4428 1477 4480 ὑπὸ

429 4536 477 4588 τοῦ
502 4536 595 4601 ζῶντος
621 4533 764 4604 πνεύματος
787 4532 967 4602 ἀνενεχθέντος
991 4532 1031 4585 καὶ
1056 4529 1258 4602 σταυρωθέντας.
1284 4525 1399 4579 Fnonuo
1424 4523 1475 4578 ibi·

430 4628 517 4702 dem]

927 4741 949 4780 H
967 4738 984 4783 2
