3817 5692
528 686 548 743 8
901 679 1204 742 ARCHELAUS.

528 872 593 914 suae
608 849 734 934 seriptis
749 849 925 913 mandasse.
971 848 1054 911 Nam
1070 847 1267 932 Epiphanius
1281 847 1348 931 ipse
1363 868 1402 910 ex
1417 845 1479 910 alio
1495 865 1571 928 quo·

527 952 612 1035 piam
640 950 789 1013 Archelai
813 950 893 1013 libro
915 950 959 1012 nil
985 949 1109 1025 recitat,
1134 949 1272 1032 nihilque
1297 948 1395 1010 fenne
1419 947 1572 1009 adversus

528 1051 781 1116 Manichaeorum
811 1073 933 1114 errores
963 1050 1096 1135 profert,
1125 1050 1210 1133 quod
1235 1049 1267 1111 in
1297 1047 1521 1133 disputationis
1552 1067 1572 1108 a

527 1153 619 1217 nobis
633 1153 727 1218 editae
742 1153 822 1217 actis
837 1174 900 1215 non
915 1152 1102 1236 reperiatur.
1136 1151 1258 1215 Eadem
1270 1171 1394 1234 quoque
1405 1148 1473 1211 sola
1488 1156 1570 1224 acta,

527 1277 591 1318 non
606 1277 680 1319 vcro
694 1256 773 1318 alios
785 1255 948 1339 quospiam
959 1253 1112 1317 Archelai
1126 1254 1222 1317 libros
1238 1252 1349 1317 laudat
1360 1250 1572 1315 Heraclianus

528 1355 792 1421 Chalcedonensis
801 1356 977 1440 episcopus,
988 1356 1062 1419 dum
1074 1354 1212 1418 omnium
1223 1354 1427 1438 antiquorum
1437 1355 1572 1415 Patrum

527 1458 646 1542 scripta
669 1467 905 1532 commemorat,
929 1457 1043 1541 quibus
1065 1457 1099 1519 in
1122 1478 1180 1519 suc
1202 1456 1352 1520 advorsus
1376 1453 1573 1518 Manichaeos

527 1581 622 1643 opere
645 1581 719 1623 usus
738 1559 851 1623 luerat.
897 1559 1109 1640 Quamobrem
1132 1557 1299 1621 dicendum
1321 1563 1380 1632 est,
1396 1558 1456 1620 hac
1478 1555 1511 1618 in
1537 1577 1572 1618 re

528 1681 653 1745 quoque
668 1659 797 1724 humani
814 1660 888 1743 quid
904 1681 1033 1744 passum
1048 1658 1144 1722 fuisse
1156 1658 1379 1743 Epiphaniam,
1392 1664 1426 1722 ct
1437 1658 1571 1720 duorum

528 1757 679 1821 Archelai
697 1757 848 1821 librorum
866 1757 936 1821 loco
955 1756 1103 1820 habuisse
1121 1765 1195 1820 acta
1217 1756 1287 1841 ipsa
1304 1754 1530 1839 disputationis
1552 1774 1573 1817 a

528 1859 619 1923 nobis
634 1859 739 1934 editae,
756 1881 826 1943 quae
847 1881 919 1923 cum
938 1881 989 1922 res
1004 1858 1134 1922 diversis
1153 1858 1350 1942 temporibus
1366 1864 1474 1941 gestas
1489 1877 1571 1918 com-

528 1963 718 2047 plectantur,
743 1961 828 2025 haud
853 1961 938 2024 inani
962 1963 1144 2046 conjectura
1166 1960 1269 2044 colligi
1293 1966 1411 2044 potest,
1434 1959 1466 2021 in
1493 1960 1572 2023 duas

528 2064 602 2128 olim
625 2070 734 2147 partes
753 2063 854 2126 divisa
871 2063 977 2136 fuisse,
994 2064 1026 2126 in
1045 2084 1180 2148 quarum
1202 2062 1299 2147 priori
1318 2062 1493 2146 disputatio
1509 2065 1573 2124 Ar-

528 2163 629 2229 chelai
651 2185 723 2228 cum
743 2163 875 2227 Manete
894 2165 979 2248 apud
996 2165 1123 2241 Carras,
1138 2165 1170 2228 in
1191 2164 1330 2229 secunda
1351 2186 1425 2228 vero
1445 2171 1570 2232 cuncta.

529 2288 600 2351 quae
626 2273 694 2330 tam
719 2265 879 2328 Diodorus
909 2267 1084 2351 presbyter,
1112 2288 1208 2350 quam
1239 2265 1322 2329 idem
1349 2265 1527 2329 Archelaus
1552 2287 1573 2328 a

529 2368 672 2430 Diodoro
697 2366 846 2440 monitus,
872 2373 985 2431 contra
1012 2367 1176 2432 Manetem
1199 2369 1230 2430 in
1257 2366 1442 2430 Diodoridis
1467 2373 1572 2430 castro

529 2467 605 2552 ogit,
621 2466 867 2531 continerentur.

572 2568 594 2631 J
594 2590 647 2632 am
659 2591 732 2633 vero
743 2571 936 2635 Archelaum
950 2571 1128 2654 Κασχάρων,
1146 2571 1382 2635 Obcaclcrcnua
1392 2571 1573 2656 episcopum

529 2671 624 2735 luisse
644 2672 746 2736 tradit
765 2672 913 2738 Socrates
932 2673 984 2736 lib.
1000 2674 1021 2736 i.
1044 2673 1199 2737 Historiae
1219 2673 1450 2737 Ecclesiasticae
1469 2673 1574 2758 capite

531 2792 581 2851 22,
601 2773 816 2859 Epiphanium
836 2783 964 2840 secutus
982 2776 1015 2838 in
1035 2776 1286 2840 Manichaeorum
1303 2776 1428 2839 Haeresi
1443 2797 1530 2839 num.
1544 2796 1573 2838 v.

529 2884 563 2941 et
577 2876 628 2940 vii.
644 2883 677 2940 et
695 2878 728 2940 in
749 2884 891 2943 tractatu
906 2880 946 2942 de
963 2879 1132 2953 Mensuris,
1148 2886 1182 2943 ct
1201 2878 1399 2942 Ponderibus
1419 2899 1504 2940 num.
1520 2899 1573 2939 xx.

530 2981 579 3043 At
594 2980 782 3043 auctoriate
797 2980 857 3043 sibi
873 3002 936 3043 non
952 2987 1090 3055 constat,
1100 2987 1213 3064 utpote
1229 2980 1282 3064 qui
1297 2980 1330 3043 in
1345 2981 1456 3043 eadem
1470 2979 1575 3043 Muni-

529 3080 689 3144 chaeorum
719 3081 846 3145 Haeresi
873 3102 959 3144 num.
976 3081 1017 3143 xi.
1044 3082 1164 3157 urbem,
1191 3080 1281 3165 cujus
1310 3080 1475 3164 episcopus
1503 3091 1574 3144 erat

530 3181 713 3256 Archelaus,
739 3180 909 3264 Καρχόρην,
927 3183 1069 3246 nominat
1089 3182 1122 3245 in
1144 3181 1319 3246 Petaviana
1336 3182 1485 3257 editione,
1502 3181 1575 3244 licet

529 3282 562 3344 in
586 3282 649 3346 aha
671 3282 842 3346 Basilaeasi
870 3284 1009 3348 editione
1035 3284 1214 3367 Καλχάρωυ,
1238 3292 1386 3369 corrupto
1408 3283 1573 3347 habeatur.

532 3384 731 3449 Postremum
747 3385 828 3448 hanc
847 3385 1015 3450 lectionem
1030 3388 1221 3471 expressisse
1237 3387 1363 3451 videtur
1377 3386 1575 3471 Epiphanius

530 3507 571 3548 ex
585 3486 664 3550 actis
684 3485 760 3569 ipsis
775 3487 998 3571 disputationis
1014 3488 1165 3552 Archelai
1186 3489 1323 3573 episcopi
1339 3509 1410 3552 cum
1432 3488 1573 3563 Manetc,

531 3587 717 3671 inquorum
739 3588 830 3652 initio
852 3589 977 3665 dicitnr,
1009 3590 1177 3655 Thesaurus
1201 3612 1297 3664 carru,
1322 3592 1384 3654 sice
1408 3590 1575 3676 duputctrc

529 3688 634 3753 babila
648 3690 683 3754 ia
700 3691 838 3755 carchar
852 3693 974 3756 civitate
989 3693 1236 3777 lllcccpctornioe,·
1262 3714 1393 3777 eamque
1408 3692 1575 3758 lectionem

530 3796 707 3873 sequuntur
722 3793 838 3855 Petrus
852 3792 975 3857 Siculus
989 3793 1021 3856 in
1032 3794 1283 3858 Manichaeorum
1294 3792 1429 3857 historia
1439 3815 1511 3878 pag.
1521 3813 1573 3878 37,

531 3898 565 3955 et
587 3891 724 3956 Photius
743 3894 780 3957 P.
793 3893 827 3958 0.
849 3894 882 3957 in
905 3916 999 3979 opero
1021 3896 1125 3960 adhuc
1148 3896 1268 3960 inedito
1292 3896 1443 3959 adversus
1465 3896 1574 3960 Mani-

531 3993 636 4057 chaecs
661 4017 718 4058 suc
744 4017 811 4060 aevo
837 3997 1074 4081 repullulantes,
1101 3998 1154 4062 lib.
1170 3998 1191 4062 i.
1215 3997 1269 4082 qui
1299 3998 1375 4060 dum
1402 3997 1575 4083 Epiphanii

531 4095 730 4161 namationcs
749 4097 782 4160 in
802 4099 962 4183 epitomen
983 4102 1139 4187 redigunt,
1157 4100 1349 4165 Archelaum
1367 4122 1430 4164 non
1453 4100 1574 4183 Κασχά-

530 4221 601 4277 ρων,
618 4196 666 4260 vel
679 4200 867 4282 Καλχάρωνς
890 4202 944 4266 sed
959 4203 1126 4286 Καρχόρων
1140 4203 1321 4288 episcopum
1335 4209 1470 4277 vocant3
1491 4201 1575 4264 unde

531 4298 629 4362 etiam
651 4309 753 4386 patet,
775 4305 972 4370 emendanda
994 4328 1062 4370 csse
1087 4306 1150 4369 alia
1172 4304 1354 4390 Epiphanii,
1378 4314 1411 4368 ct
1436 4301 1576 4367 Socratis

531 4400 613 4480 loca,
629 4402 661 4464 in
684 4403 797 4487 quibus
820 4408 976 4490 Κασχάρα,
999 4409 1046 4471 vol
1070 4407 1240 4490 Κασχάρων
1261 4428 1427 4492 perperam
1449 4405 1574 4489 legitur.

533 4502 636 4569 Porro
651 4506 761 4569 urbem
780 4511 940 4592 quandum
955 4510 1111 4574 (lercham
1131 4510 1257 4573 nomine
1275 4509 1307 4572 in
1329 4507 1453 4573 Arabia
1469 4506 1575 4570 Felice

532 4604 628 4670 sitam
653 4607 758 4686 fuisso,
786 4611 975 4694 Anonymus
1000 4610 1168 4675 Ravonms
1195 4608 1404 4694 Gcographiae
1431 4607 1576 4692 Scriptor
