3817 5692
498 679 542 746 94
730 674 984 739 ARCHELAI
1009 675 1075 737 ΕΤ
1101 674 1316 736 MANETlS

498 859 616 921 stante
634 859 734 918 terrae
752 870 907 940 corpore,
929 847 1176 939 superducitur
1201 846 1335 929 umbra,
1353 870 1429 938 quae
1445 869 1491 917 ex
1509 869 1547 918 se

498 964 608 1036 efficit
642 963 815 1044 tenebras,
843 984 1028 1053 usquequo
1062 983 1211 1041 rursum,
1242 962 1414 1033 inferioris
1443 964 1547 1055 spatii

498 1103 603 1152 eursu
625 1088 856 1171 pernoctem
885 1086 1072 1159 transacto,
1099 1078 1145 1147 ed
1174 1079 1349 1148 orientem
1378 1078 1547 1161 revolvat,

498 1204 606 1287 atque
635 1196 672 1265 in
702 1194 789 1265 loeis
819 1193 932 1264 solitis
961 1193 1107 1263 obortus
1140 1202 1320 1285 appareat.
1371 1192 1438 1264 Est
1464 1217 1548 1288 ergo

498 1310 641 1392 umbrae,
664 1318 773 1401 atque
797 1309 912 1379 noctis
937 1330 1043 1379 eausa
1064 1310 1218 1401 eorporis
1249 1318 1351 1379 terrae
1381 1311 1547 1392 soliditas,

499 1427 594 1517 quod
620 1425 730 1497 etiam
755 1420 817 1495 ¹ex
843 1425 973 1494 suimet
998 1424 1107 1515 ipsius
1132 1424 1259 1494 umbra
1286 1424 1393 1494 homo
1419 1424 1550 1495 intelli-

497 1564 582 1636 gere
610 1548 739 1633 potest.
791 1537 888 1610 Ante
917 1539 1047 1609 oaelurn
1075 1540 1180 1621 euim,
1207 1554 1246 1609 et
1275 1548 1415 1622 terram,
1441 1549 1549 1632 atque

499 1679 622 1727 omnes
647 1657 731 1726 istas
756 1676 940 1747 corporeas
966 1663 1144 1724 creaturas
1169 1652 1374 1725 indeficiens
1394 1654 1457 1724 lux
1474 1678 1549 1726 ma·

498 1771 616 1853 nebat,
635 1793 717 1841 eum
742 1768 882 1839 nullum
907 1792 1034 1862 eorpus
1059 1769 1239 1851 existeret,
1265 1770 1360 1860 quod
1386 1771 1546 1841 umbram

499 1888 552 1959 sui
576 1886 775 1977 objectione
800 1895 996 1978 generaret,
1014 1893 1053 1954 et
1075 1885 1157 1954 ideo
1174 1907 1349 1976 nusquam
1374 1886 1547 1969 tenebras,

498 2024 672 2093 nusquam
698 2008 842 2070 nootem
868 2000 977 2070 fuisse
1003 2000 1242 2092 profitendum
1267 2015 1333 2070 est.
1385 2000 1480 2071 Nam
1508 2004 1547 2084 si,

500 2114 598 2184 verbi
626 2113 748 2207 gratia,
776 2110 916 2204 placeat
943 2114 987 2194 ei,
1015 2113 1075 2183 oui
1108 2122 1265 2204 potestas
1293 2123 1348 2184 est
1379 2117 1547 2199 omnium,

498 2230 640 2322 plagam
657 2249 735 2318 quae
759 2226 804 2297 ad
829 2249 994 2298 oceasum
1012 2238 1076 2309 est,
1094 2228 1233 2299 auferre
1250 2229 1295 2299 de
1311 2230 1452 2314 medio;
1477 2254 1547 2301 non

499 2351 629 2438 agente
655 2340 728 2413 sole
753 2343 799 2411 ad
824 2341 923 2412 illam
949 2350 1087 2435 partem
1108 2365 1260 2425 cursum,
1287 2366 1459 2435 nusquam
1485 2346 1547 2417 iiet

499 2480 653 2551 vespera,
671 2467 735 2528 aut
752 2458 928 2538 tenebrae3
956 2459 1018 2529 sed
1044 2459 1112 2527 erit
1137 2458 1189 2528 sol
1215 2480 1356 2551 semper
1378 2461 1416 2530 in
1433 2483 1545 2544 eursu,

498 2597 566 2645 nee
595 2596 753 2666 unquam
783 2574 931 2655 occidet,
963 2582 1001 2643 et
1030 2574 1189 2643 medium
1214 2574 1290 2645 eaeli
1323 2598 1428 2646 axem
1456 2599 1547 2669 pene

498 2712 638 2782 semper
666 2689 813 2771 tenebit,
838 2711 905 2759 neo
927 2689 1117 2780 aliquando
1143 2689 1281 2759 desinet
1303 2712 1481 2782 apparere,
1509 2699 1547 2762 et

498 2832 563 2901 per
586 2807 654 2878 hoo
679 2807 746 2877 erit
768 2809 951 2878 universus
974 2807 1068 2877 orbis
1092 2815 1266 2876 terramm
1284 2806 1476 2879 clarissimo
1492 2808 1548 2878 lu-

499 2926 596 2994 mine
612 2922 778 3004 radiatus,
797 2944 843 2991 ex
860 2944 931 3013 quo
949 2944 1016 2991 neo
1039 2921 1112 2991 ulla
1128 2922 1203 3012 ejus
1228 2945 1309 3014 pars
1325 2923 1548 2994 obumbrabi-

500 3051 567 3123 tur,
602 3040 664 3110 sed
691 3040 850 3110 mauebit
882 3039 1017 3130 ubique
1047 3040 1152 3109 unius
1186 3040 1329 3111 luminis
1358 3043 1546 3133 oequalitas.

500 3151 722 3225 Occidentali
746 3162 869 3223 autem
892 3153 998 3247 plaga
1022 3161 1155 3223 statum
1181 3176 1285 3223 suum
1312 3164 1483 3237 servante,
1509 3165 1547 3224 et

500 3267 574 3339 sole
591 3289 733 3339 cursum
750 3289 854 3337 suum
871 3268 985 3338 tribus
997 3267 1122 3338 mundi
1140 3268 1299 3359 partibus
1315 3270 1546 3352 ministrante,

499 3382 537 3451 hi
555 3383 709 3472 quidem,
727 3383 787 3475 qui
805 3382 871 3452 sub
888 3382 963 3453 sole
980 3391 1073 3465 sunt,
1092 3382 1219 3453 elanus
1236 3384 1402 3453 videntur
1416 3384 1547 3454 illumi·

499 3498 585 3579 uari,
615 3498 667 3566 ita
689 3505 732 3566 ut
761 3518 852 3589 pene
878 3497 1039 3580 dixerim,
1066 3498 1323 3568 dormientibus
1348 3499 1464 3568 adhue
1493 3499 1547 3579 iis,

500 3614 599 3704 quie
617 3612 754 3683 diversa
769 3611 874 3707 plaga
890 3613 1097 3712 oonsistuut,
1116 3614 1176 3683 isti
1201 3615 1335 3704 priores
1352 3615 1422 3684 diei
1446 3636 1549 3683 exor-

501 3729 600 3798 dium
617 3736 769 3798 sumant.
820 3728 923 3798 Siout
940 3724 1086 3798 autemk
1104 3739 1188 3798 ante
1211 3729 1358 3818 eosqui
1384 3729 1421 3798 in
1448 3738 1547 3820 parte

501 3844 647 3913 occidua
665 3844 797 3934 jacent,
816 3842 885 3913 illis
908 3843 1029 3913 lumen
1047 3845 1216 3924 exoritur,
1234 3845 1287 3913 ita
1304 3842 1461 3914 velocius
1486 3843 1549 3913 ob-

501 3965 670 4040 scuratur,
688 3967 725 4028 et
742 3958 807 4027 soli
825 3959 994 4039 omnium,
1011 3960 1072 4050 qui
1090 3959 1126 4028 in
1144 3959 1238 4029 orbis
1255 3959 1449 4029 medietate
1465 3982 1549 4029 oon·

502 4073 640 4155 sistunt,
671 4072 914 4164 aequalitatem
949 4095 1090 4165 semper
1118 4074 1277 4144 sentiunt
1305 4072 1402 4145 lueis.
1454 4074 1547 4144 Cum

501 4188 597 4257 enim
623 4189 780 4258 medium
806 4187 857 4258 sol
884 4189 1040 4258 tenuerit
1060 4189 1199 4270 oaelum,
1218 4187 1335 4258 nullus
1361 4197 1417 4259 est
1439 4187 1547 4269 locus,

502 4303 561 4394 qui
588 4312 649 4372 aut
678 4302 836 4383 lucidior,
868 4311 930 4372 aut
961 4303 1142 4374 obscurior
1170 4325 1247 4373 esse
1279 4303 1459 4386 videatur3
1484 4306 1546 4375 sed

542 4493 550 4536 ¹
573 4497 617 4552 lta
627 4497 838 4553 emendavimus
852 4495 988 4569 seriptum
1002 4498 1138 4562 codicem,
1155 4496 1201 4572 qui
1223 4498 1357 4563 babebat,
1372 4508 1449 4555 eruet
1462 4499 1548 4574 ipsias

501 4592 603 4648 umbra.
767 4590 783 4633 ἱ
802 4591 862 4664 [An
876 4592 987 4667 legend.
998 4595 1056 4650 sole
1069 4596 1181 4651 amate
1190 4596 1219 4668 P]
