<?xml version="1.0" encoding="UTF-8"?>
<!DOCTYPE html PUBLIC "-//W3C//DTD XHTML 1.0 Transitional//EN"
    "http://www.w3.org/TR/xhtml1/DTD/xhtml1-transitional.dtd">
<html xmlns="http://www.w3.org/1999/xhtml" xml:lang="en" lang="en">
 <head>
  <title>
</title>
<meta http-equiv="Content-Type" content="text/html;charset=utf-8" />
  <meta name='ocr-system' content='tesseract 3.04.00' />
  <meta name='ocr-capabilities' content='ocr_page ocr_carea ocr_par ocr_line ocrx_word'/>
</head>
<body>
  <div class='ocr_page' id='page_1' title='image "./reliquiaesacrae02routgoog_0231.png"; bbox 0 0 3817 5692; ppageno 0'>
   <div class='ocr_carea' id='block_1_1' title="bbox 645 687 1474 757">
    <p class='ocr_par' dir='ltr' id='par_1_1' title="bbox 645 687 1474 757">
     <span class='ocr_line' id='line_1_1' title="bbox 645 687 1474 757; baseline 0.006 -5"><span class='ocrx_word' id='word_1_1' title='bbox 645 687 887 752; x_wconf 81' lang='lat' dir='ltr'>RESPONSA</span> <span class='ocrx_word' id='word_1_2' title='bbox 912 689 979 751; x_wconf 85' lang='lat' dir='ltr'><em>AD</em></span> <span class='ocrx_word' id='word_1_3' title='bbox 1002 689 1265 754; x_wconf 78' lang='lat' dir='ltr'><strong>EPISCOI&#39;OS.</strong></span> <span class='ocrx_word' id='word_1_4' title='bbox 1409 691 1474 757; x_wconf 73' lang='lat'><em>217</em></span> 
     </span>
    </p>
   </div>
   <div class='ocr_carea' id='block_1_2' title="bbox 353 858 1637 4518">
    <p class='ocr_par' dir='ltr' id='par_1_2' title="bbox 429 858 1474 1070">
     <span class='ocr_line' id='line_1_2' title="bbox 429 858 1474 955; baseline 0.002 -28"><span class='ocrx_word' id='word_1_5' title='bbox 429 867 528 927; x_wconf 83' lang='lat' dir='ltr'><em>tatem</em></span> <span class='ocrx_word' id='word_1_6' title='bbox 546 858 690 951; x_wconf 82' lang='lat' dir='ltr'><em>spiritus</em></span> <span class='ocrx_word' id='word_1_7' title='bbox 715 860 751 927; x_wconf 86' lang='lat' dir='ltr'><em>ia</em></span> <span class='ocrx_word' id='word_1_8' title='bbox 776 859 1009 951; x_wconf 74' lang='lat' dir='ltr'><em>costy&#39;aactioac</em></span> <span class='ocrx_word' id='word_1_9' title='bbox 1033 861 1154 953; x_wconf 86' lang='lat' dir='ltr'><em>pacis:</em></span> <span class='ocrx_word' id='word_1_10' title='bbox 1183 884 1286 929; x_wconf 81' lang='lat' dir='ltr'><em>arram</em></span> <span class='ocrx_word' id='word_1_11' title='bbox 1304 885 1426 955; x_wconf 80' lang='lat' dir='ltr'><em>corpas</em></span> <span class='ocrx_word' id='word_1_12' title='bbox 1444 871 1474 931; x_wconf 80' lang='lat' dir='ltr'><em>ct</em></span> 
     </span>
     <span class='ocr_line' id='line_1_3' title="bbox 429 974 1474 1070; baseline 0.004 -28"><span class='ocrx_word' id='word_1_13' title='bbox 429 998 518 1043; x_wconf 74' lang='lat' dir='ltr'><em>acrias</em></span> <span class='ocrx_word' id='word_1_14' title='bbox 534 975 690 1066; x_wconf 75' lang='lat' dir='ltr'><em>spiritam,</em></span> <span class='ocrx_word' id='word_1_15' title='bbox 708 974 796 1042; x_wconf 87' lang='lat' dir='ltr'><em>sicut</em></span> <span class='ocrx_word' id='word_1_16' title='bbox 812 975 921 1044; x_wconf 89' lang='lat' dir='ltr'><em>cocali</em></span> <span class='ocrx_word' id='word_1_17' title='bbox 944 976 1024 1045; x_wconf 86' lang='lat' dir='ltr'><em>estis</em></span> <span class='ocrx_word' id='word_1_18' title='bbox 1050 977 1087 1043; x_wconf 86' lang='lat' dir='ltr'><em>ia</em></span> <span class='ocrx_word' id='word_1_19' title='bbox 1111 999 1180 1044; x_wconf 77' lang='lat' dir='ltr'><em>arno</em></span> <span class='ocrx_word' id='word_1_20' title='bbox 1205 1000 1264 1070; x_wconf 86' lang='lat' dir='ltr'><em>spe</em></span> <span class='ocrx_word' id='word_1_21' title='bbox 1289 979 1474 1046; x_wconf 79' lang='lat' dir='ltr'><em>coactionis</em></span> 
     </span>
    </p>

    <p class='ocr_par' dir='ltr' id='par_1_3' title="bbox 353 1085 1637 3023">
     <span class='ocr_line' id='line_1_4' title="bbox 353 1085 1473 1186; baseline 0.004 -29"><span class='ocrx_word' id='word_1_22' title='bbox 353 1142 356 1147; x_wconf 88' lang='lat'><em>.</em></span> <span class='ocrx_word' id='word_1_23' title='bbox 429 1096 572 1165; x_wconf 82' lang='lat' dir='ltr'><em>vastrm;</em></span> <span class='ocrx_word' id='word_1_24' title='bbox 603 1111 691 1156; x_wconf 78' lang='lat' dir='ltr'><em>ianas</em></span> <span class='ocrx_word' id='word_1_25' title='bbox 721 1085 904 1169; x_wconf 78' lang='lat' dir='ltr'><em>Doniinas,</em></span> <span class='ocrx_word' id='word_1_26' title='bbox 936 1113 1006 1159; x_wconf 85' lang='lat' dir='ltr'><em>aaa</em></span> <span class='ocrx_word' id='word_1_27' title='bbox 1029 1090 1131 1182; x_wconf 80' lang='lat' dir='ltr'><em>fides,</em></span> <span class='ocrx_word' id='word_1_28' title='bbox 1159 1114 1262 1160; x_wconf 75' lang='lat' dir='ltr'><em>carrina</em></span> <span class='ocrx_word' id='word_1_29' title='bbox 1295 1091 1473 1186; x_wconf 84' lang='lat' dir='ltr'><em>baptisma,</em></span> 
     </span>
     <span class='ocr_line' id='line_1_5' title="bbox 430 1200 1472 1299; baseline 0.005 -28"><span class='ocrx_word' id='word_1_30' title='bbox 430 1225 519 1271; x_wconf 85' lang='lat' dir='ltr'><em>anas</em></span> <span class='ocrx_word' id='word_1_31' title='bbox 535 1200 643 1270; x_wconf 88' lang='lat' dir='ltr'><em>Dans.</em></span> <span class='ocrx_word' id='word_1_32' title='bbox 693 1200 783 1286; x_wconf 67' lang='lat' dir='ltr'><em>{Iac</em></span> <span class='ocrx_word' id='word_1_33' title='bbox 808 1205 923 1272; x_wconf 77' lang='lat' dir='ltr'><em>omorio</em></span> <span class='ocrx_word' id='word_1_34' title='bbox 942 1203 1097 1274; x_wconf 77' lang='lat' dir='ltr'><em>Ecclesia</em></span> <span class='ocrx_word' id='word_1_35' title='bbox 1122 1203 1287 1276; x_wconf 80' lang='lat' dir='ltr'><em>calli-alica</em></span> <span class='ocrx_word' id='word_1_36' title='bbox 1311 1204 1472 1299; x_wconf 82' lang='lat' dir='ltr'><em>loquitar.</em></span> 
     </span>
     <span class='ocr_line' id='line_1_6' title="bbox 429 1315 1637 1412; baseline 0.002 -27"><span class='ocrx_word' id='word_1_37' title='bbox 429 1315 479 1385; x_wconf 87' lang='lat' dir='ltr'><em>Et</em></span> <span class='ocrx_word' id='word_1_38' title='bbox 508 1319 630 1386; x_wconf 87' lang='lat' dir='ltr'><em>ite-ram</em></span> <span class='ocrx_word' id='word_1_39' title='bbox 663 1318 699 1385; x_wconf 86' lang='lat' dir='ltr'><em>in</em></span> <span class='ocrx_word' id='word_1_40' title='bbox 726 1316 914 1412; x_wconf 77' lang='lat' dir='ltr'><em>anapelio</em></span> <span class='ocrx_word' id='word_1_41' title='bbox 944 1318 1039 1398; x_wconf 86' lang='lat' dir='ltr'><em>dicit,</em></span> <span class='ocrx_word' id='word_1_42' title='bbox 1071 1319 1172 1408; x_wconf 78' lang='lat' dir='ltr'><em>Quod</em></span> <span class='ocrx_word' id='word_1_43' title='bbox 1201 1329 1317 1390; x_wconf 75' lang='lat' dir='ltr'><em>statam</em></span> <span class='ocrx_word' id='word_1_44' title='bbox 1351 1329 1400 1390; x_wconf 86' lang='lat' dir='ltr'><em>est</em></span> <span class='ocrx_word' id='word_1_45' title='bbox 1432 1320 1637 1391; x_wconf 64' lang='lat' dir='ltr'><em>diseamus</em></span> 
     </span>
     <span class='ocr_line' id='line_1_7' title="bbox 430 1434 1617 1530; baseline -0.003 -27"><span class='ocrx_word' id='word_1_46' title='bbox 430 1457 542 1515; x_wconf 83' lang='lat' dir='ltr'><em>carae,</em></span> <span class='ocrx_word' id='word_1_47' title='bbox 560 1457 642 1503; x_wconf 87' lang='lat' dir='ltr'><em>coro</em></span> <span class='ocrx_word' id='word_1_48' title='bbox 659 1441 707 1503; x_wconf 90' lang='lat' dir='ltr'><em>ost</em></span> <span class='ocrx_word' id='word_1_49' title='bbox 717 1459 729 1512; x_wconf 90' lang='lat'><em>;</em></span> <span class='ocrx_word' id='word_1_50' title='bbox 755 1442 786 1502; x_wconf 89' lang='lat' dir='ltr'><em>et</em></span> <span class='ocrx_word' id='word_1_51' title='bbox 808 1434 900 1528; x_wconf 78' lang='lat' dir='ltr'><em>qacad</em></span> <span class='ocrx_word' id='word_1_52' title='bbox 918 1444 1034 1504; x_wconf 84' lang='lat' dir='ltr'><em>aotam</em></span> <span class='ocrx_word' id='word_1_53' title='bbox 1052 1444 1101 1505; x_wconf 87' lang='lat' dir='ltr'><em>cst</em></span> <span class='ocrx_word' id='word_1_54' title='bbox 1117 1436 1158 1505; x_wconf 84' lang='lat' dir='ltr'><em>dc</em></span> <span class='ocrx_word' id='word_1_55' title='bbox 1173 1438 1311 1530; x_wconf 81' lang='lat' dir='ltr'><em>spirita,</em></span> <span class='ocrx_word' id='word_1_56' title='bbox 1328 1439 1617 1530; x_wconf 71' lang='lat' dir='ltr'><em>spiritasrosmnv.</em></span> 
     </span>
     <span class='ocr_line' id='line_1_8' title="bbox 430 1530 1522 1642; baseline 0.004 -25"><span class='ocrx_word' id='word_1_57' title='bbox 430 1556 500 1617; x_wconf 86' lang='lat' dir='ltr'><em>cst:</em></span> <span class='ocrx_word' id='word_1_58' title='bbox 527 1550 688 1642; x_wconf 82' lang='lat' dir='ltr'><em>qnoniam</em></span> <span class='ocrx_word' id='word_1_59' title='bbox 714 1550 858 1642; x_wconf 60' lang='lat' dir='ltr'><em>apianis</em></span> <span class='ocrx_word' id='word_1_60' title='bbox 875 1549 972 1620; x_wconf 88' lang='lat' dir='ltr'><em>Dcas</em></span> <span class='ocrx_word' id='word_1_61' title='bbox 997 1560 1054 1633; x_wconf 88' lang='lat' dir='ltr'><em>cst,</em></span> <span class='ocrx_word' id='word_1_62' title='bbox 1076 1560 1107 1621; x_wconf 83' lang='lat' dir='ltr'><em>et</em></span> <span class='ocrx_word' id='word_1_63' title='bbox 1129 1552 1170 1621; x_wconf 85' lang='lat' dir='ltr'><em>dc</em></span> <span class='ocrx_word' id='word_1_64' title='bbox 1189 1550 1263 1622; x_wconf 82' lang='lat' dir='ltr'><em>Deo</em></span> <span class='ocrx_word' id='word_1_65' title='bbox 1289 1560 1389 1622; x_wconf 87' lang='lat' dir='ltr'><em>notas</em></span> <span class='ocrx_word' id='word_1_66' title='bbox 1414 1530 1522 1622; x_wconf 47' lang='lat' dir='ltr'><em>asts*</em></span> 
     </span>
     <span class='ocr_line' id='line_1_9' title="bbox 430 1661 1475 1760; baseline 0.004 -29"><span class='ocrx_word' id='word_1_67' title='bbox 430 1661 527 1759; x_wconf 70' lang='lat' dir='ltr'><em>Erpa</em></span> <span class='ocrx_word' id='word_1_68' title='bbox 545 1687 658 1733; x_wconf 85' lang='lat' dir='ltr'><em>omncs</em></span> <span class='ocrx_word' id='word_1_69' title='bbox 676 1661 829 1734; x_wconf 83' lang='lat' dir='ltr'><em>laerctici</em></span> <span class='ocrx_word' id='word_1_70' title='bbox 847 1673 878 1734; x_wconf 91' lang='lat' dir='ltr'><em>ot</em></span> <span class='ocrx_word' id='word_1_71' title='bbox 898 1662 1108 1736; x_wconf 74' lang='lat' dir='ltr'><em>schismatici</em></span> <span class='ocrx_word' id='word_1_72' title='bbox 1124 1668 1241 1736; x_wconf 73' lang='lat' dir='ltr'><em>anania</em></span> <span class='ocrx_word' id='word_1_73' title='bbox 1258 1689 1475 1760; x_wconf 81' lang='lat' dir='ltr'><em>qaaecamqaa</em></span> 
     </span>
     <span class='ocr_line' id='line_1_10' title="bbox 419 1776 1622 1874; baseline -0.002 -26"><span class='ocrx_word' id='word_1_74' title='bbox 419 1776 564 1872; x_wconf 86' lang='lat' dir='ltr'><em>saciant</em></span> <span class='ocrx_word' id='word_1_75' title='bbox 581 1777 736 1849; x_wconf 78' lang='lat' dir='ltr'><em>carnalia</em></span> <span class='ocrx_word' id='word_1_76' title='bbox 753 1787 843 1860; x_wconf 88' lang='lat' dir='ltr'><em>sant,</em></span> <span class='ocrx_word' id='word_1_77' title='bbox 861 1777 1175 1873; x_wconf 84' lang='lat' dir='ltr'><em>dicentcApostalo,</em></span> <span class='ocrx_word' id='word_1_78' title='bbox 1187 1778 1380 1874; x_wconf 79' lang='lat' dir='ltr'><em>Manifesta</em></span> <span class='ocrx_word' id='word_1_79' title='bbox 1396 1789 1570 1850; x_wconf 61' lang='lat' dir='ltr'><em>santonia.</em></span> <span class='ocrx_word' id='word_1_80' title='bbox 1584 1812 1622 1862; x_wconf 87' lang='lat'><em>¹9·</em></span> 
     </span>
     <span class='ocr_line' id='line_1_11' title="bbox 430 1892 1476 1988; baseline 0.002 -27"><span class='ocrx_word' id='word_1_81' title='bbox 430 1894 521 1961; x_wconf 81' lang='lat' dir='ltr'><em>caira</em></span> <span class='ocrx_word' id='word_1_82' title='bbox 544 1915 647 1986; x_wconf 82' lang='lat' dir='ltr'><em>opera</em></span> <span class='ocrx_word' id='word_1_83' title='bbox 673 1896 800 1976; x_wconf 80' lang='lat' dir='ltr'><em>carnis,</em></span> <span class='ocrx_word' id='word_1_84' title='bbox 817 1918 894 1987; x_wconf 74' lang='lat' dir='ltr'><em>qam</em></span> <span class='ocrx_word' id='word_1_85' title='bbox 915 1903 994 1964; x_wconf 87' lang='lat' dir='ltr'><em>sant</em></span> <span class='ocrx_word' id='word_1_86' title='bbox 1007 1892 1272 1988; x_wconf 73' lang='lat' dir='ltr'><em>fornicationes,</em></span> <span class='ocrx_word' id='word_1_87' title='bbox 1291 1893 1476 1964; x_wconf 83' lang='lat' dir='ltr'><em>imnrancli·</em></span> 
     </span>
     <span class='ocr_line' id='line_1_12' title="bbox 431 2004 1476 2099; baseline 0.005 -28"><span class='ocrx_word' id='word_1_88' title='bbox 431 2006 500 2084; x_wconf 84' lang='lat' dir='ltr'><em>tice,</em></span> <span class='ocrx_word' id='word_1_89' title='bbox 519 2006 675 2085; x_wconf 85' lang='lat' dir='ltr'><em>incestas,</em></span> <span class='ocrx_word' id='word_1_90' title='bbox 701 2004 916 2088; x_wconf 80' lang='lat' dir='ltr'><em>idololatria,</em></span> <span class='ocrx_word' id='word_1_91' title='bbox 942 2006 1112 2099; x_wconf 68' lang='lat' dir='ltr'><em>acrraicio,</em></span> <span class='ocrx_word' id='word_1_92' title='bbox 1139 2008 1345 2088; x_wconf 77' lang='lat' dir='ltr'><em>inimicitia,</em></span> <span class='ocrx_word' id='word_1_93' title='bbox 1369 2014 1476 2077; x_wconf 81' lang='lat' dir='ltr'><em>corta·</em></span> 
     </span>
     <span class='ocr_line' id='line_1_13' title="bbox 431 2122 1476 2209; baseline 0.004 -18"><span class='ocrx_word' id='word_1_94' title='bbox 431 2125 536 2203; x_wconf 86' lang='lat' dir='ltr'><em>mina,</em></span> <span class='ocrx_word' id='word_1_95' title='bbox 554 2122 657 2206; x_wconf 83' lang='lat' dir='ltr'><em>zelas,</em></span> <span class='ocrx_word' id='word_1_96' title='bbox 675 2127 741 2207; x_wconf 81' lang='lat' dir='ltr'><em>ira,</em></span> <span class='ocrx_word' id='word_1_97' title='bbox 760 2124 955 2209; x_wconf 65' lang='lat' dir='ltr'><em>disiisiancs,</em></span> <span class='ocrx_word' id='word_1_98' title='bbox 973 2124 1126 2208; x_wconf 73' lang='lat' dir='ltr'><em>hareses,</em></span> <span class='ocrx_word' id='word_1_99' title='bbox 1144 2134 1176 2195; x_wconf 88' lang='lat' dir='ltr'><em>ct</em></span> <span class='ocrx_word' id='word_1_100' title='bbox 1196 2123 1251 2194; x_wconf 82' lang='lat' dir='ltr'><em>liis</em></span> <span class='ocrx_word' id='word_1_101' title='bbox 1274 2124 1416 2207; x_wconf 87' lang='lat' dir='ltr'><em>similia,</em></span> <span class='ocrx_word' id='word_1_102' title='bbox 1434 2125 1476 2195; x_wconf 86' lang='lat' dir='ltr'><em>dc</em></span> 
     </span>
     <span class='ocr_line' id='line_1_14' title="bbox 431 2238 1475 2335; baseline 0.002 -28"><span class='ocrx_word' id='word_1_103' title='bbox 431 2238 551 2332; x_wconf 82' lang='lat' dir='ltr'><em>quibas</em></span> <span class='ocrx_word' id='word_1_104' title='bbox 563 2238 722 2333; x_wconf 62' lang='lat' dir='ltr'><em>wauslini</em></span> <span class='ocrx_word' id='word_1_105' title='bbox 738 2239 842 2323; x_wconf 85' lang='lat' dir='ltr'><em>valis,</em></span> <span class='ocrx_word' id='word_1_106' title='bbox 860 2244 949 2311; x_wconf 88' lang='lat' dir='ltr'><em>sicut</em></span> <span class='ocrx_word' id='word_1_107' title='bbox 962 2242 1127 2335; x_wconf 71' lang='lat' dir='ltr'><em>praedica,</em></span> <span class='ocrx_word' id='word_1_108' title='bbox 1145 2243 1306 2335; x_wconf 73' lang='lat' dir='ltr'><em>quostiam</em></span> <span class='ocrx_word' id='word_1_109' title='bbox 1324 2241 1475 2335; x_wconf 82' lang='lat' dir='ltr'><em>quicum-</em></span> 
     </span>
     <span class='ocr_line' id='line_1_15' title="bbox 431 2353 1476 2452; baseline 0.001 -28"><span class='ocrx_word' id='word_1_110' title='bbox 431 2379 495 2449; x_wconf 83' lang='lat' dir='ltr'><em>qac</em></span> <span class='ocrx_word' id='word_1_111' title='bbox 511 2353 742 2449; x_wconf 81' lang='lat' dir='ltr'><em>lroecfaciaat,</em></span> <span class='ocrx_word' id='word_1_112' title='bbox 757 2380 898 2452; x_wconf 76' lang='lat' dir='ltr'><em>ceptam</em></span> <span class='ocrx_word' id='word_1_113' title='bbox 916 2355 987 2427; x_wconf 88' lang='lat' dir='ltr'><em>Dei</em></span> <span class='ocrx_word' id='word_1_114' title='bbox 1004 2382 1072 2427; x_wconf 90' lang='lat' dir='ltr'><em>aon</em></span> <span class='ocrx_word' id='word_1_115' title='bbox 1090 2355 1333 2427; x_wconf 77' lang='lat' dir='ltr'><em>hereditabant.</em></span> <span class='ocrx_word' id='word_1_116' title='bbox 1385 2355 1476 2428; x_wconf 87' lang='lat' dir='ltr'><em>Con-</em></span> 
     </span>
     <span class='ocr_line' id='line_1_16' title="bbox 432 2469 1476 2565; baseline 0.001 -26"><span class='ocrx_word' id='word_1_117' title='bbox 432 2469 567 2540; x_wconf 81' lang='lat' dir='ltr'><em>dcmaat</em></span> <span class='ocrx_word' id='word_1_118' title='bbox 584 2494 679 2565; x_wconf 81' lang='lat' dir='ltr'><em>aqac</em></span> <span class='ocrx_word' id='word_1_119' title='bbox 695 2470 880 2564; x_wconf 79' lang='lat' dir='ltr'><em>Apostolus</em></span> <span class='ocrx_word' id='word_1_120' title='bbox 897 2495 972 2542; x_wconf 78' lang='lat' dir='ltr'><em>ucat</em></span> <span class='ocrx_word' id='word_1_121' title='bbox 990 2470 1144 2541; x_wconf 81' lang='lat' dir='ltr'><em>manibus</em></span> <span class='ocrx_word' id='word_1_122' title='bbox 1161 2471 1263 2541; x_wconf 85' lang='lat' dir='ltr'><em>arulis</em></span> <span class='ocrx_word' id='word_1_123' title='bbox 1284 2480 1315 2541; x_wconf 87' lang='lat' dir='ltr'><em>ct</em></span> <span class='ocrx_word' id='word_1_124' title='bbox 1337 2494 1393 2540; x_wconf 85' lang='lat' dir='ltr'><em>cos</em></span> <span class='ocrx_word' id='word_1_125' title='bbox 1415 2472 1476 2564; x_wconf 84' lang='lat' dir='ltr'><em>qai</em></span> 
     </span>
     <span class='ocr_line' id='line_1_17' title="bbox 431 2583 1474 2680; baseline 0 -26"><span class='ocrx_word' id='word_1_126' title='bbox 431 2585 632 2656; x_wconf 77' lang='lat' dir='ltr'><em>divisionem</em></span> <span class='ocrx_word' id='word_1_127' title='bbox 647 2585 801 2680; x_wconf 84' lang='lat' dir='ltr'><em>faciant,</em></span> <span class='ocrx_word' id='word_1_128' title='bbox 819 2585 882 2657; x_wconf 82' lang='lat' dir='ltr'><em>ltoc</em></span> <span class='ocrx_word' id='word_1_129' title='bbox 902 2595 959 2668; x_wconf 88' lang='lat' dir='ltr'><em>est,</em></span> <span class='ocrx_word' id='word_1_130' title='bbox 977 2584 1208 2656; x_wconf 77' lang='lat' dir='ltr'><em>schismaticos</em></span> <span class='ocrx_word' id='word_1_131' title='bbox 1233 2594 1264 2654; x_wconf 90' lang='lat' dir='ltr'><em>ct</em></span> <span class='ocrx_word' id='word_1_132' title='bbox 1288 2583 1474 2655; x_wconf 81' lang='lat' dir='ltr'><em>loercticos.</em></span> 
     </span>
     <span class='ocr_line' id='line_1_18' title="bbox 430 2698 1473 2795; baseline -0.001 -27"><span class='ocrx_word' id='word_1_133' title='bbox 430 2698 512 2769; x_wconf 90' lang='lat' dir='ltr'><em>Nisi</em></span> <span class='ocrx_word' id='word_1_134' title='bbox 542 2723 621 2795; x_wconf 71' lang='lat' dir='ltr'><em>crya</em></span> <span class='ocrx_word' id='word_1_135' title='bbox 650 2701 840 2793; x_wconf 80' lang='lat' dir='ltr'><em>occeperint</em></span> <span class='ocrx_word' id='word_1_136' title='bbox 868 2700 1034 2794; x_wconf 82' lang='lat' dir='ltr'><em>baptisma</em></span> <span class='ocrx_word' id='word_1_137' title='bbox 1068 2699 1218 2771; x_wconf 81' lang='lat' dir='ltr'><em>salutaro</em></span> <span class='ocrx_word' id='word_1_138' title='bbox 1251 2703 1289 2769; x_wconf 88' lang='lat' dir='ltr'><em>in</em></span> <span class='ocrx_word' id='word_1_139' title='bbox 1318 2698 1473 2770; x_wconf 78' lang='lat' dir='ltr'><em>Ecclesia</em></span> 
     </span>
     <span class='ocr_line' id='line_1_19' title="bbox 431 2813 1473 2909; baseline -0.001 -25"><span class='ocrx_word' id='word_1_140' title='bbox 431 2813 596 2885; x_wconf 88' lang='lat' dir='ltr'><em>catlolica</em></span> <span class='ocrx_word' id='word_1_141' title='bbox 617 2840 693 2909; x_wconf 75' lang='lat' dir='ltr'><em>aaa</em></span> <span class='ocrx_word' id='word_1_142' title='bbox 714 2839 786 2884; x_wconf 81' lang='lat' dir='ltr'><em>rcrro</em></span> <span class='ocrx_word' id='word_1_143' title='bbox 809 2825 866 2899; x_wconf 91' lang='lat' dir='ltr'><em>cst,</em></span> <span class='ocrx_word' id='word_1_144' title='bbox 883 2814 970 2886; x_wconf 83' lang='lat' dir='ltr'><em>salai</em></span> <span class='ocrx_word' id='word_1_145' title='bbox 986 2839 1056 2885; x_wconf 85' lang='lat' dir='ltr'><em>assa</em></span> <span class='ocrx_word' id='word_1_146' title='bbox 1072 2839 1140 2885; x_wconf 81' lang='lat' dir='ltr'><em>iton</em></span> <span class='ocrx_word' id='word_1_147' title='bbox 1152 2824 1305 2908; x_wconf 85' lang='lat' dir='ltr'><em>possunt,</em></span> <span class='ocrx_word' id='word_1_148' title='bbox 1322 2816 1383 2886; x_wconf 84' lang='lat' dir='ltr'><em>sod</em></span> <span class='ocrx_word' id='word_1_149' title='bbox 1398 2839 1473 2885; x_wconf 88' lang='lat' dir='ltr'><em>cam</em></span> 
     </span>
     <span class='ocr_line' id='line_1_20' title="bbox 431 2929 1286 3023; baseline -0.001 -23"><span class='ocrx_word' id='word_1_150' title='bbox 431 2929 626 3000; x_wconf 77' lang='lat' dir='ltr'><em>carnalitas</em></span> <span class='ocrx_word' id='word_1_151' title='bbox 643 2930 826 3023; x_wconf 84' lang='lat' dir='ltr'><em>injudicio</em></span> <span class='ocrx_word' id='word_1_152' title='bbox 845 2929 992 3001; x_wconf 85' lang='lat' dir='ltr'><em>Domini</em></span> <span class='ocrx_word' id='word_1_153' title='bbox 1008 2929 1286 3017; x_wconf 79' lang='lat' dir='ltr'><em>daianalantar.)</em></span> 
     </span>
    </p>

    <p class='ocr_par' dir='ltr' id='par_1_4' title="bbox 483 3046 1475 3137">
     <span class='ocr_line' id='line_1_21' title="bbox 483 3046 1475 3137; baseline 0.003 -23"><span class='ocrx_word' id='word_1_154' title='bbox 483 3046 718 3117; x_wconf 83' lang='lat' dir='ltr'><em>Nemesianus</em></span> <span class='ocrx_word' id='word_1_155' title='bbox 747 3070 768 3115; x_wconf 89' lang='lat' dir='ltr'><em>a</em></span> <span class='ocrx_word' id='word_1_156' title='bbox 794 3046 952 3117; x_wconf 85' lang='lat' dir='ltr'><em>Tubunis</em></span> <span class='ocrx_word' id='word_1_157' title='bbox 982 3046 1097 3116; x_wconf 88' lang='lat' dir='ltr'><em>multa</em></span> <span class='ocrx_word' id='word_1_158' title='bbox 1124 3046 1242 3137; x_wconf 81' lang='lat' dir='ltr'><em>posuit</em></span> <span class='ocrx_word' id='word_1_159' title='bbox 1272 3047 1475 3117; x_wconf 82' lang='lat' dir='ltr'><em>testimonia</em></span> 
     </span>
    </p>

    <p class='ocr_par' dir='ltr' id='par_1_5' title="bbox 431 3161 1477 4518">
     <span class='ocr_line' id='line_1_22' title="bbox 433 3161 1473 3253; baseline -0.002 -22"><span class='ocrx_word' id='word_1_160' title='bbox 433 3161 714 3253; x_wconf 85' lang='lat' dir='ltr'><em>Scripturarum:</em></span> <span class='ocrx_word' id='word_1_161' title='bbox 749 3161 811 3231; x_wconf 82' lang='lat' dir='ltr'><em>sed</em></span> <span class='ocrx_word' id='word_1_162' title='bbox 841 3185 903 3253; x_wconf 90' lang='lat' dir='ltr'><em>pro</em></span> <span class='ocrx_word' id='word_1_163' title='bbox 933 3164 1110 3232; x_wconf 83' lang='lat' dir='ltr'><em>sententia</em></span> <span class='ocrx_word' id='word_1_164' title='bbox 1139 3161 1340 3242; x_wconf 77' lang='lat' dir='ltr'><em>Catholicae,</em></span> <span class='ocrx_word' id='word_1_165' title='bbox 1368 3184 1473 3253; x_wconf 89' lang='lat' dir='ltr'><em>quam</em></span> 
     </span>
     <span class='ocr_line' id='line_1_23' title="bbox 432 3275 1476 3369; baseline -0.001 -23"><span class='ocrx_word' id='word_1_166' title='bbox 432 3277 676 3346; x_wconf 87' lang='lat' dir='ltr'><em>declarandam</em></span> <span class='ocrx_word' id='word_1_167' title='bbox 702 3286 740 3346; x_wconf 87' lang='lat' dir='ltr'><em>et</em></span> <span class='ocrx_word' id='word_1_168' title='bbox 765 3277 1081 3346; x_wconf 82' lang='lat' dir='ltr'><em>commendandam</em></span> <span class='ocrx_word' id='word_1_169' title='bbox 1108 3277 1337 3369; x_wconf 84' lang='lat' dir='ltr'><em>suscepimus,</em></span> <span class='ocrx_word' id='word_1_170' title='bbox 1362 3275 1476 3345; x_wconf 87' lang='lat' dir='ltr'><em>multa</em></span> 
     </span>
     <span class='ocr_line' id='line_1_24' title="bbox 432 3391 1477 3484; baseline 0.001 -24"><span class='ocrx_word' id='word_1_171' title='bbox 432 3392 570 3462; x_wconf 89' lang='lat' dir='ltr'><em>locutus</em></span> <span class='ocrx_word' id='word_1_172' title='bbox 587 3404 650 3463; x_wconf 78' lang='lat' dir='ltr'><em>est.</em></span> <span class='ocrx_word' id='word_1_173' title='bbox 704 3392 785 3463; x_wconf 91' lang='lat' dir='ltr'><em>Nisi</em></span> <span class='ocrx_word' id='word_1_174' title='bbox 803 3393 894 3461; x_wconf 83' lang='lat' dir='ltr'><em>forte</em></span> <span class='ocrx_word' id='word_1_175' title='bbox 917 3393 1113 3483; x_wconf 90' lang='lat' dir='ltr'><em>putandum</em></span> <span class='ocrx_word' id='word_1_176' title='bbox 1132 3402 1195 3474; x_wconf 87' lang='lat' dir='ltr'><em>ost,</em></span> <span class='ocrx_word' id='word_1_177' title='bbox 1214 3394 1297 3483; x_wconf 89' lang='lat' dir='ltr'><em>quia</em></span> <span class='ocrx_word' id='word_1_178' title='bbox 1313 3391 1477 3484; x_wconf 79' lang='lat' dir='ltr'><em>uonfictit</em></span> 
     </span>
     <span class='ocr_line' id='line_1_25' title="bbox 432 3505 1477 3600; baseline 0.001 -26"><span class='ocrx_word' id='word_1_179' title='bbox 432 3507 469 3575; x_wconf 88' lang='lat' dir='ltr'><em>ia</em></span> <span class='ocrx_word' id='word_1_180' title='bbox 484 3505 594 3600; x_wconf 88' lang='lat' dir='ltr'><em>falsis</em></span> <span class='ocrx_word' id='word_1_181' title='bbox 616 3510 676 3598; x_wconf 90' lang='lat' dir='ltr'><em>qui</em></span> <span class='ocrx_word' id='word_1_182' title='bbox 702 3510 780 3578; x_wconf 88' lang='lat' dir='ltr'><em>fidit</em></span> <span class='ocrx_word' id='word_1_183' title='bbox 806 3509 842 3577; x_wconf 91' lang='lat' dir='ltr'><em>in</em></span> <span class='ocrx_word' id='word_1_184' title='bbox 874 3530 935 3599; x_wconf 86' lang='lat' dir='ltr'><em>spe</em></span> <span class='ocrx_word' id='word_1_185' title='bbox 963 3529 1078 3576; x_wconf 84' lang='lat' dir='ltr'><em>rerum</em></span> <span class='ocrx_word' id='word_1_186' title='bbox 1109 3505 1368 3598; x_wconf 81' lang='lat' dir='ltr'><em>temporalium,</em></span> <span class='ocrx_word' id='word_1_187' title='bbox 1385 3506 1477 3575; x_wconf 88' lang='lat' dir='ltr'><em>sicut</em></span> 
     </span>
     <span class='ocr_line' id='line_1_26' title="bbox 432 3618 1475 3716; baseline 0 -29"><span class='ocrx_word' id='word_1_188' title='bbox 432 3643 553 3691; x_wconf 88' lang='lat' dir='ltr'><em>omnes</em></span> <span class='ocrx_word' id='word_1_189' title='bbox 569 3625 663 3692; x_wconf 87' lang='lat' dir='ltr'><em>avari</em></span> <span class='ocrx_word' id='word_1_190' title='bbox 680 3635 788 3715; x_wconf 85' lang='lat' dir='ltr'><em>atque</em></span> <span class='ocrx_word' id='word_1_191' title='bbox 805 3633 972 3716; x_wconf 83' lang='lat' dir='ltr'><em>raptores,</em></span> <span class='ocrx_word' id='word_1_192' title='bbox 991 3630 1028 3692; x_wconf 89' lang='lat' dir='ltr'><em>et</em></span> <span class='ocrx_word' id='word_1_193' title='bbox 1045 3623 1104 3713; x_wconf 92' lang='lat' dir='ltr'><em>qui</em></span> <span class='ocrx_word' id='word_1_194' title='bbox 1129 3619 1256 3691; x_wconf 84' lang='lat' dir='ltr'><em>saeculo</em></span> <span class='ocrx_word' id='word_1_195' title='bbox 1273 3643 1343 3688; x_wconf 89' lang='lat' dir='ltr'><em>nou</em></span> <span class='ocrx_word' id='word_1_196' title='bbox 1362 3618 1475 3699; x_wconf 82' lang='lat' dir='ltr'><em>factis,</em></span> 
     </span>
     <span class='ocr_line' id='line_1_27' title="bbox 432 3734 1476 3828; baseline -0.001 -25"><span class='ocrx_word' id='word_1_197' title='bbox 432 3736 492 3803; x_wconf 83' lang='lat' dir='ltr'><em>sed</em></span> <span class='ocrx_word' id='word_1_198' title='bbox 515 3738 629 3805; x_wconf 88' lang='lat' dir='ltr'><em>verbis</em></span> <span class='ocrx_word' id='word_1_199' title='bbox 651 3739 865 3817; x_wconf 86' lang='lat' dir='ltr'><em>renuntiant,</em></span> <span class='ocrx_word' id='word_1_200' title='bbox 888 3736 1009 3828; x_wconf 85' lang='lat' dir='ltr'><em>quales</em></span> <span class='ocrx_word' id='word_1_201' title='bbox 1035 3747 1153 3806; x_wconf 83' lang='lat' dir='ltr'><em>tamen</em></span> <span class='ocrx_word' id='word_1_202' title='bbox 1181 3737 1276 3804; x_wconf 89' lang='lat' dir='ltr'><em>intus</em></span> <span class='ocrx_word' id='word_1_203' title='bbox 1300 3743 1338 3803; x_wconf 84' lang='lat' dir='ltr'><em>ot</em></span> <span class='ocrx_word' id='word_1_204' title='bbox 1362 3734 1476 3825; x_wconf 89' lang='lat' dir='ltr'><em>bapti-</em></span> 
     </span>
     <span class='ocr_line' id='line_1_28' title="bbox 432 3848 1475 3941; baseline -0.002 -24"><span class='ocrx_word' id='word_1_205' title='bbox 432 3872 511 3918; x_wconf 82' lang='lat' dir='ltr'><em>zare</em></span> <span class='ocrx_word' id='word_1_206' title='bbox 536 3860 573 3919; x_wconf 87' lang='lat' dir='ltr'><em>ct</em></span> <span class='ocrx_word' id='word_1_207' title='bbox 600 3849 767 3940; x_wconf 86' lang='lat' dir='ltr'><em>baptizari</em></span> <span class='ocrx_word' id='word_1_208' title='bbox 794 3852 913 3928; x_wconf 83' lang='lat' dir='ltr'><em>otiam,</em></span> <span class='ocrx_word' id='word_1_209' title='bbox 939 3849 1134 3941; x_wconf 85' lang='lat' dir='ltr'><em>Cyprianus</em></span> <span class='ocrx_word' id='word_1_210' title='bbox 1160 3858 1215 3918; x_wconf 81' lang='lat' dir='ltr'><em>ost</em></span> <span class='ocrx_word' id='word_1_211' title='bbox 1240 3849 1350 3918; x_wconf 84' lang='lat' dir='ltr'><em>testis.</em></span> <span class='ocrx_word' id='word_1_212' title='bbox 1403 3848 1475 3937; x_wconf 90' lang='lat' dir='ltr'><em>Ipsi</em></span> 
     </span>
     <span class='ocr_line' id='line_1_29' title="bbox 432 3961 1476 4056; baseline -0.001 -25"><span class='ocrx_word' id='word_1_213' title='bbox 432 3972 620 4056; x_wconf 80' lang='lat' dir='ltr'><em>scqaaatac</em></span> <span class='ocrx_word' id='word_1_214' title='bbox 632 3964 734 4033; x_wconf 84' lang='lat' dir='ltr'><em>ctiam</em></span> <span class='ocrx_word' id='word_1_215' title='bbox 752 3987 827 4033; x_wconf 82' lang='lat' dir='ltr'><em>acas</em></span> <span class='ocrx_word' id='word_1_216' title='bbox 845 3961 1004 4044; x_wconf 79' lang='lat' dir='ltr'><em>volantes,</em></span> <span class='ocrx_word' id='word_1_217' title='bbox 1021 3965 1102 4053; x_wconf 88' lang='lat' dir='ltr'><em>quia</em></span> <span class='ocrx_word' id='word_1_218' title='bbox 1119 3986 1189 4031; x_wconf 89' lang='lat' dir='ltr'><em>non</em></span> <span class='ocrx_word' id='word_1_219' title='bbox 1207 3961 1476 4055; x_wconf 82' lang='lat' dir='ltr'><em>apprehendunt</em></span> 
     </span>
     <span class='ocr_line' id='line_1_30' title="bbox 431 4075 1476 4170; baseline 0.001 -25"><span class='ocrx_word' id='word_1_220' title='bbox 431 4101 509 4168; x_wconf 81' lang='lat' dir='ltr'><em>quac</em></span> <span class='ocrx_word' id='word_1_221' title='bbox 526 4080 788 4170; x_wconf 88' lang='lat' dir='ltr'><em>concupiscunt.</em></span> <span class='ocrx_word' id='word_1_222' title='bbox 839 4075 979 4147; x_wconf 80' lang='lat' dir='ltr'><em>Deserit</em></span> <span class='ocrx_word' id='word_1_223' title='bbox 995 4085 1105 4146; x_wconf 72' lang='lat' dir='ltr'><em>auam</em></span> <span class='ocrx_word' id='word_1_224' title='bbox 1124 4077 1197 4146; x_wconf 88' lang='lat' dir='ltr'><em>aias</em></span> <span class='ocrx_word' id='word_1_225' title='bbox 1214 4078 1323 4147; x_wconf 80' lang='lat' dir='ltr'><em>airtcoe</em></span> <span class='ocrx_word' id='word_1_226' title='bbox 1344 4100 1427 4158; x_wconf 80' lang='lat' dir='ltr'><em>saa,</em></span> <span class='ocrx_word' id='word_1_227' title='bbox 1445 4085 1476 4146; x_wconf 89' lang='lat' dir='ltr'><em>et</em></span> 
     </span>
     <span class='ocr_line' id='line_1_31' title="bbox 431 4186 1475 4289; baseline -0.005 -28"><span class='ocrx_word' id='word_1_228' title='bbox 431 4215 454 4261; x_wconf 91' lang='lat' dir='ltr'><em>a</em></span> <span class='ocrx_word' id='word_1_229' title='bbox 478 4194 599 4264; x_wconf 85' lang='lat' dir='ltr'><em>semita</em></span> <span class='ocrx_word' id='word_1_230' title='bbox 624 4192 725 4289; x_wconf 69' lang='lat' dir='ltr'><em>apelli</em></span> <span class='ocrx_word' id='word_1_231' title='bbox 748 4194 805 4263; x_wconf 83' lang='lat' dir='ltr'><em>sai</em></span> <span class='ocrx_word' id='word_1_232' title='bbox 830 4200 931 4272; x_wconf 72' lang='lat' dir='ltr'><em>arat,</em></span> <span class='ocrx_word' id='word_1_233' title='bbox 949 4199 982 4260; x_wconf 85' lang='lat' dir='ltr'><em>et</em></span> <span class='ocrx_word' id='word_1_234' title='bbox 1004 4188 1199 4286; x_wconf 73' lang='lat' dir='ltr'><em>inprcdituc</em></span> <span class='ocrx_word' id='word_1_235' title='bbox 1214 4213 1281 4283; x_wconf 82' lang='lat' dir='ltr'><em>pcc</em></span> <span class='ocrx_word' id='word_1_236' title='bbox 1298 4190 1377 4259; x_wconf 83' lang='lat' dir='ltr'><em>avia</em></span> <span class='ocrx_word' id='word_1_237' title='bbox 1401 4186 1475 4259; x_wconf 91' lang='lat' dir='ltr'><em>loca</em></span> 
     </span>
     <span class='ocr_line' id='line_1_32' title="bbox 431 4302 1475 4403; baseline -0.008 -24"><span class='ocrx_word' id='word_1_238' title='bbox 431 4319 531 4403; x_wconf 63' lang='lat' dir='ltr'><em>amare</em></span> <span class='ocrx_word' id='word_1_239' title='bbox 547 4309 650 4379; x_wconf 81' lang='lat' dir='ltr'><em>asida</em></span> <span class='ocrx_word' id='word_1_240' title='bbox 666 4318 697 4379; x_wconf 85' lang='lat' dir='ltr'><em>et</em></span> <span class='ocrx_word' id='word_1_241' title='bbox 717 4318 843 4379; x_wconf 79' lang='lat' dir='ltr'><em>lorcam</em></span> <span class='ocrx_word' id='word_1_242' title='bbox 867 4306 1070 4377; x_wconf 80' lang='lat' dir='ltr'><em>destinatam</em></span> <span class='ocrx_word' id='word_1_243' title='bbox 1095 4302 1163 4386; x_wconf 88' lang='lat' dir='ltr'><em>siti,</em></span> <span class='ocrx_word' id='word_1_244' title='bbox 1181 4304 1398 4396; x_wconf 81' lang='lat' dir='ltr'><em>consequitur</em></span> <span class='ocrx_word' id='word_1_245' title='bbox 1414 4326 1475 4372; x_wconf 86' lang='lat' dir='ltr'><em>aa·</em></span> 
     </span>
     <span class='ocr_line' id='line_1_33' title="bbox 431 4418 1473 4518; baseline -0.007 -25"><span class='ocrx_word' id='word_1_246' title='bbox 431 4434 496 4493; x_wconf 79' lang='lat' dir='ltr'><em>tem</em></span> <span class='ocrx_word' id='word_1_247' title='bbox 519 4423 673 4494; x_wconf 84' lang='lat' dir='ltr'><em>maailas</em></span> <span class='ocrx_word' id='word_1_248' title='bbox 695 4422 918 4518; x_wconf 71' lang='lat' dir='ltr'><em>infructuosa,</em></span> <span class='ocrx_word' id='word_1_249' title='bbox 936 4445 1007 4491; x_wconf 90' lang='lat' dir='ltr'><em>non</em></span> <span class='ocrx_word' id='word_1_250' title='bbox 1033 4422 1219 4492; x_wconf 78' lang='lat' dir='ltr'><em>haereticus</em></span> <span class='ocrx_word' id='word_1_251' title='bbox 1244 4428 1394 4499; x_wconf 89' lang='lat' dir='ltr'><em>tantum,</em></span> <span class='ocrx_word' id='word_1_252' title='bbox 1413 4418 1473 4487; x_wconf 86' lang='lat' dir='ltr'><em>sed</em></span> 
     </span>
    </p>
   </div>
   <div class='ocr_carea' id='block_1_3' title="bbox 432 4534 1476 4713">
    <p class='ocr_par' dir='ltr' id='par_1_6' title="bbox 432 4534 1476 4713">
     <span class='ocr_line' id='line_1_34' title="bbox 432 4534 1476 4631; baseline -0.005 -22"><span class='ocrx_word' id='word_1_253' title='bbox 432 4541 545 4609; x_wconf 90' lang='lat' dir='ltr'><em>omnis</em></span> <span class='ocrx_word' id='word_1_254' title='bbox 563 4541 622 4631; x_wconf 89' lang='lat' dir='ltr'><em>qui</em></span> <span class='ocrx_word' id='word_1_255' title='bbox 646 4539 739 4610; x_wconf 80' lang='lat' dir='ltr'><em>mals</em></span> <span class='ocrx_word' id='word_1_256' title='bbox 757 4540 864 4609; x_wconf 87' lang='lat' dir='ltr'><em>vivit:</em></span> <span class='ocrx_word' id='word_1_257' title='bbox 892 4537 975 4629; x_wconf 84' lang='lat' dir='ltr'><em>quia</em></span> <span class='ocrx_word' id='word_1_258' title='bbox 1000 4538 1112 4606; x_wconf 91' lang='lat' dir='ltr'><em>omnis</em></span> <span class='ocrx_word' id='word_1_259' title='bbox 1131 4536 1274 4626; x_wconf 81' lang='lat' dir='ltr'><em>justitia</em></span> <span class='ocrx_word' id='word_1_260' title='bbox 1296 4534 1476 4604; x_wconf 87' lang='lat' dir='ltr'><em>fructuosa</em></span> 
     </span>
     <span class='ocr_line' id='line_1_35' title="bbox 475 4649 980 4713; baseline -0.002 -2"><span class='ocrx_word' id='word_1_261' title='bbox 475 4673 541 4713; x_wconf 77' lang='lat' dir='ltr'><em>von.</em></span> <span class='ocrx_word' id='word_1_262' title='bbox 557 4672 586 4712; x_wconf 89' lang='lat' dir='ltr'><em>v.</em></span> <span class='ocrx_word' id='word_1_263' title='bbox 933 4673 949 4710; x_wconf 81' lang='lat' dir='ltr'><em>r</em></span> <span class='ocrx_word' id='word_1_264' title='bbox 964 4649 980 4710; x_wconf 80' lang='lat' dir='ltr'>s</span> 
     </span>
    </p>
   </div>
   <div class='ocr_carea' id='block_1_4' title="bbox 0 0 1915 5692">
    <p class='ocr_par' dir='ltr' id='par_1_7' title="bbox 0 0 1915 5692">
     <span class='ocr_line' id='line_1_36' title="bbox 0 0 1915 5692; baseline 0 0"><span class='ocrx_word' id='word_1_265' title='bbox 0 0 1915 5692; x_wconf 95' lang='lat' dir='ltr'><em> </em></span> 
     </span>
    </p>
   </div>
  </div>
 </body>
</html>
