3817 5692
801 708 1113 773 DISPUTATIO.
1415 714 1481 784 199

434 900 504 941 cum
528 876 635 961 (lyrilli
658 877 773 941 noviss.
797 878 873 942 edit.
899 878 1003 942 Paris.
1019 878 1085 941 ΒΒ.
1104 900 1177 941 nnn.
1196 896 1288 960 1720.
1306 882 1481 948 versionem
1546 949 1548 952 .

433 979 656 1056 recensuimus,
681 988 715 1043 et
741 980 779 1043 cl.
805 979 937 1043 editoris
963 988 1057 1043 notas
1081 980 1281 1063 subjecimus.
1305 982 1481 1048 Genusum.

435 1082 514 1145 Vide
529 1104 626 1166 supro
640 1105 670 1166 p.
685 1102 720 1144 οι
742 1104 813 1166 quae
828 1082 868 1145 ds
883 1081 1043 1166 (lyrilleuo
1065 1081 1128 1145 isto
1151 1082 1234 1145 idem
1253 1084 1358 1146 editor
1372 1086 1481 1170 (lyrilli

434 1183 661 1248 Benedictiuus
683 1184 875 1269 disputavit:
898 1191 987 1247 certo
1009 1183 1128 1247 certius
1147 1182 1256 1267 (lyrilli
1278 1206 1343 1247 non
1358 1185 1480 1251 Arche·

433 1282 477 1347 lui
491 1294 567 1349 sunt
581 1308 620 1349 ea
634 1286 760 1369 quidem
776 1286 875 1348 verbs
891 1285 954 1349 fine
969 1289 1021 1363 τῆς
1040 1285 1154 1365 ῥήσεως
1171 1285 1277 1369 posita
1286 1311 1296 1364 ;
1318 1292 1420 1351 Ταῦτα
1443 1292 1482 1353 τα

432 1387 577 1467 μυστήρια
590 1414 616 1450 κ.
626 1413 653 1450 τ.
664 1395 695 1450 λ.
733 1388 773 1450 ld
789 1387 937 1450 nimirum
952 1387 996 1450 ibi
1011 1395 1176 1450 ostensum
1190 1394 1249 1463 est,
1260 1387 1320 1451 etsi
1335 1388 1482 1473 imperite

433 1489 544 1551 eodem
577 1488 735 1552 Archelao
760 1488 911 1552 attribuit
940 1488 1121 1551 Bernardus
1150 1487 1317 1553 Mcrechnl
1343 1489 1376 1552 in
1402 1492 1481 1555 Doc-

433 1590 519 1651 ννὶαο
538 1611 596 1652 sus
610 1591 644 1653 S.
660 1590 816 1666 Ασσάσῐαὶ,
835 1589 867 1651 in
889 1590 1111 1653 Concordaotia
1126 1591 1185 1653 SS.
1198 1591 1342 1668 Petrum,
1359 1592 1418 1656 vol.
1432 1592 1478 1658 Il.

433 1712 464 1773 p.
481 1707 551 1771 227.
597 1691 646 1753 De
666 1690 804 1774 reliquis,
821 1712 891 1774 quae
908 1691 1104 1774 praecedunt,
1120 1692 1324 1754 statuendum
1345 1693 1479 1774 videtur,

433 1792 541 1875 priora
552 1792 678 1877 quidem
693 1792 726 1855 iu
740 1792 809 1856 aliis
824 1792 1012 1876 quibusdum
1023 1792 1118 1876 hujus
1127 1791 1362 1875 Disputationis
1376 1817 1479 1860 exem·

433 1893 574 1976 pleribus
588 1903 716 1977 repertu
730 1916 798 1958 esso
812 1917 833 1958 α
848 1893 975 1978 cyrillo,
991 1902 1025 1958 et
1039 1894 1112 1957 hinc
1129 1894 1202 1958 iude
1222 1896 1264 1959 cb
1284 1918 1322 1959 eo
1337 1896 1478 1964 collecta.

433 1994 545 2058 Refert
567 2002 674 2058 autem
696 1995 780 2058 idem
796 1995 1020 2073 Morechsllus,
1036 1995 1254 2079 Epiphanium
1276 2005 1411 2076 secutus,
1428 2023 1479 2063 vo-

432 2095 527 2159 luisse
557 2095 750 2159 Archelaum
782 2096 913 2158 Manem
944 2095 1040 2160 morti
1069 2097 1223 2170 tradere;
1257 2099 1342 2181 quod
1371 2106 1480 2166 tamen

432 2196 550 2260 crimen
565 2195 695 2260 allatum
712 2196 772 2258 sibi
787 2217 851 2259 non
865 2195 933 2259 sins
947 2193 1165 2280 indignatione
1180 2195 1345 2280 propulsat
1358 2201 1479 2265 Arche-

432 2298 501 2361 laus
516 2320 585 2381 osp.
597 2314 648 2378 47.
695 2296 849 2361 Coniercs
864 2319 934 2381 quae
949 2318 1047 2381 supra
1062 2298 1169 2361 monui
1184 2320 1216 2381 p.
1230 2315 1280 2380 27.

489 2530 519 2606 l.
548 2525 675 2625 Φεύγει
706 2527 744 2603 ἐκ
773 2528 837 2621 τῆς
868 2527 1036 2627 φυλακῆς
1062 2520 1225 2628 (Μάνης)
1252 2526 1311 2602 καὶ
1338 2523 1477 2626 ἔρχεται

431 2658 480 2736 εἷς
509 2650 576 2749 τὴν
605 2650 903 2747 Μεσοποταμίαν·
935 2650 1019 2727 ἀλλ’
1039 2652 1182 2753 ἀπαντᾷ
1215 2650 1311 2754 αὐτῷ
1339 2648 1479 2728 0ὅπλον

431 2776 657 2876 δικαιοσύνης
678 2775 878 2879 Ἀρχέλαος
906 2775 1112 2857 ἐπίσκοπος·
1143 2777 1201 2852 καὶ
1233 2777 1290 2852 ἐπὶ
1322 2774 1478 2879 φιλοσό-

431 2913 513 3011 φων
531 2910 659 3006 κριτῶν
677 2901 838 3006 ἐλέγξας,
857 2900 1090 3002 ἀκροατήριον
1103 2900 1321 3000 Ἑλληνικὸν
1338 2934 1474 3001 συστη-

431 3031 600 3128 σάμενος,
627 3030 685 3107 ἵνα
711 3028 761 3126 μὴ
788 3033 1019 3129 Χριστιανῶν
1046 3025 1246 3127 κρινόντων,
1266 3031 1422 3106 δοκῶσιν
1445 3032 1477 3105 οἱ

430 3163 545 3262 κριταὶ
577 3155 794 3261 χαρίζεσθαι·
827 3155 931 3256 Λέγε,
960 3157 1076 3260 φησὶν
1108 3155 1128 3232 ὁ
1155 3153 1355 3258 Ἀρχέλαος
1386 3153 1478 3257 πρὸς

430 3283 493 3363 τὸν
504 3283 646 3382 Μάνην,
659 3281 679 3362 ὃ
695 3281 900 3383 κηρύσσεις.
924 3283 974 3360 ‘O
988 3279 1026 3360 δέ
1041 3283 1089 3363 ὡς
1101 3279 1238 3386 Ι’τάφον
1252 3278 1476 3387 ἀνεῳγμένον

474 3508 500 3571 I.
524 3507 626 3571 Fuerr
648 3530 666 3571 s
689 3528 815 3571 carcere
840 3505 926 3586 (Ma-
976 3506 1129 3582 hendens‚
1150 3504 1284 3569 collecto
1301 3503 1477 3568 Gentilium

430 3594 513 3673 nes),
540 3601 574 3657 et
599 3593 632 3655 in
656 3590 925 3676 Mesopotamium
975 3590 1148 3666 auditorio,
1173 3612 1222 3666 ne,
1250 3588 1277 3653 si
1300 3588 1476 3653 Christiani

429 3679 538 3743 venit:
577 3700 685 3742 verum
722 3676 860 3741 occurrit
896 3675 925 3739 ei
972 3676 1221 3760 judicesesssnt,
1232 3674 1416 3738 viderentur
1429 3673 1476 3737 le-

429 3772 554 3828 seutum
575 3762 721 3846 justitia),
749 3760 925 3824 Archelaus
977 3761 1149 3845 visse‚Age
1187 3757 1475 3836 roler‚sitArche·

429 3849 614 3931 episcopus:
652 3868 724 3909 oum
745 3868 785 3910 ue
818 3867 926 3909 corum
975 3844 1044 3909 leus
1065 3846 1107 3909 ud
1169 3866 1272 3921 anem,
1292 3844 1377 3928 quod
1396 3865 1476 3927 prae-

429 3931 622 4016 philosophis
637 3930 738 4016 judici
761 3952 799 3994 us
820 3952 925 4014 repre-
976 3929 1072 3994 dices.
1107 3928 1154 3994 At
1169 3929 1231 4006 ille,
1247 3929 1297 3992 cui
1315 3937 1369 3992 1σο
1383 3927 1474 4013 quasi

468 4146 483 4178 ⁰
497 4136 581 4192 ὅπλον
594 4135 718 4208 dmm]
734 4136 770 4192 ln
784 4135 867 4192 editis
881 4134 955 4210 ὅπλῳ
968 4137 1079 4190 tumor.
1093 4135 1179 4191 σηπία
1184 4134 1314 4208 justitio.
1337 4132 1474 4207 Legimus

427 4234 511 4290 ὅπλον
524 4234 553 4290 iu
568 4232 658 4290 MSS.
674 4233 763 4289 Coisl.
779 4233 850 4300 Roe,
866 4231 989 4288 Caseuh.
1008 4232 1092 4288 Petro
1114 4230 1201 4288 Sicul.
1216 4229 1306 4287 Grod.
1326 4230 1374 4303 qui
1389 4228 1475 4286 vertit

426 4332 667 4407 scutumjustitiae.
688 4330 872 4387 Toumrus.

469 4440 484 4485 Ρ
499 4429 532 4484 ὣς
545 4429 643 4502 τάφον]
662 4428 830 4485 Particulsm
852 4428 885 4483 ὣς
906 4426 1054 4501 adjicimus
1068 4445 1104 4483 ex
1119 4424 1208 4482 Grod.
1223 4433 1252 4481 et
1266 4424 1351 4480 Petro
1366 4420 1472 4479 Siculo.

426 4521 608 4607 Toumrns.

858 4625 865 4648 ¹
881 4618 953 4675 Pssl.
968 4637 995 4674 v.
1010 4636 1039 4693 9.
