3817 5692
650 706 893 769 RESPONSA
916 706 984 767 AD
1007 704 1271 768 EPISCOPOS.
1416 704 1481 766 253

432 887 629 948 arescentes
652 902 673 948 a
696 879 844 948 caritate
865 900 934 969 qua
951 878 1074 969 viguit,
1093 886 1130 971 et
1148 876 1284 968 elapsos
1300 876 1345 945 ab
1364 875 1481 944 humi-

432 992 532 1061 litate
555 1015 624 1082 qua
647 993 758 1072 stetit,
777 1001 878 1062 tanto
901 989 1053 1081 amplius
1076 989 1252 1080 improbat
1269 998 1377 1080 atque
1395 1010 1478 1057 con-

431 1108 585 1187 demnat,
604 1116 736 1198 quanto
753 1107 865 1199 magis
887 1106 988 1174 novit
1005 1127 1065 1174 eos
1083 1104 1128 1173 ad
1147 1102 1381 1173 insidiandum
1399 1124 1479 1193 per-

429 1221 574 1291 scrutari
596 1219 686 1290 velle
710 1222 804 1312 quod
831 1220 980 1312 scripsit,
999 1229 1036 1288 et
1061 1218 1105 1288 ad
1131 1218 1383 1309 pacificandum
1401 1218 1480 1287 imi-

429 1337 494 1405 tari
522 1333 617 1405 nolle
642 1335 734 1425 quod
762 1334 858 1403 feeit.
911 1332 1013 1403 Sicut
1039 1332 1090 1401 illi
1117 1334 1175 1423 qui
1201 1354 1239 1400 se
1262 1331 1480 1402 Christianos

431 1448 635 1519 Nazarenos
655 1458 793 1532 vocant,
817 1458 853 1516 et
876 1470 974 1516 more
990 1446 1141 1516 Judaico
1167 1446 1319 1516 camalia
1344 1469 1480 1539 praepu·

431 1566 481 1633 tia
493 1563 762 1641 circumcidunt,
777 1563 851 1630 nati
869 1561 1024 1631 haeretici
1042 1585 1087 1629 ex
1105 1561 1167 1630 illo
1184 1584 1299 1630 errore
1317 1563 1353 1630 in
1371 1585 1477 1652 quern

431 1676 559 1747 Petrus
576 1678 718 1746 devians
735 1700 756 1745 a
774 1674 887 1746 Paulo
904 1684 1089 1745 revocatus
1106 1683 1179 1769 est·
1191 1676 1242 1743 ¹in
1270 1675 1336 1744 hoc
1361 1675 1573 1745 adhucdum.
1588 1709 1626 1744 n.

429 1814 541 1883 usque
551 1792 757 1883 persistunt:
776 1792 868 1859 sicut
879 1813 964 1883 ergo
974 1791 1036 1872 illi,
1049 1789 1156 1860 Petro
1167 1790 1202 1857 in
1214 1790 1367 1881 primatu
1380 1789 1478 1882 Apo·

427 1906 600 1977 stolorum
621 1905 776 1997 martyrii
793 1903 905 1997 gloria
922 1915 1100 1985 coronato,
1115 1904 1150 1971 in
1169 1926 1232 1973 sua
1250 1906 1478 1993 perversitate

428 2021 561 2112 praecisi
592 2019 636 2088 ab
663 2018 823 2088 Ecclesia
847 2027 1110 2088 remanserunt:
1137 2018 1187 2087 sic
1215 2018 1283 2099 isti,
1302 2017 1477 2110 Cypriane

428 2157 491 2225 per
507 2135 759 2205 abundantiam
778 2135 933 2205 caritatis
956 2135 993 2202 in
1015 2142 1146 2203 sortem
1174 2142 1376 2203 sanctorum
1402 2157 1478 2225 pas·

429 2248 535 2315 sionis
565 2247 725 2317 claritate
755 2258 927 2339 suscepto,
958 2271 996 2318 se
1029 2249 1123 2339 ipsos
1157 2246 1297 2317 exsules
1332 2250 1477 2319 unitatis

428 2371 635 2455 agnoscunt,
650 2371 687 2431 et
705 2373 828 2431 contra
844 2363 992 2431 unitatis
1008 2364 1158 2454 patriam
1176 2385 1239 2453 pro
1257 2363 1328 2433 suis
1344 2362 1478 2432 calum-

427 2477 495 2545 niis
525 2477 638 2544 civem
664 2476 811 2545 unitatis
841 2486 1034 2568 opponunt.
1085 2475 1168 2545 Jam
1195 2478 1315 2567 itaque
1340 2487 1476 2547 ceteras

428 2588 522 2659 illius
539 2589 678 2659 concilii
696 2591 888 2660 sententias
906 2590 1030 2659 eadem
1050 2592 1186 2660 ratione
1203 2589 1395 2660 videamus.

478 2702 623 2774 Marcus
653 2729 674 2774 a
704 2700 854 2772 Mactari
885 2703 996 2773 dixit:
1023 2702 1232 2773 Mirandum
1262 2728 1331 2775 non
1358 2714 1415 2789 cst,
1441 2707 1584 2776 sien-²·

426 2816 580 2889 haretici
605 2816 714 2889 hostes
740 2826 839 2911 atquc
865 2818 1118 2914 impupnatores
1143 2819 1298 2889 veritatis
1319 2818 1474 2891 sitirem

427 2932 603 3005 vindicant
627 2933 803 3027 potestatis
828 2940 860 3002 et
885 2931 1098 3029 diqnatr'onis
1123 2932 1270 3004 cliente:
1298 2933 1387 3005 illud
1411 2939 1475 3007 rni-

426 3047 574 3118 rundurn
593 3057 651 3128 est,
670 3047 761 3141 quod
785 3045 924 3141 quidum
951 3049 1063 3117 nostri
1081 3049 1369 3141 proeuaricntmee
1386 3053 1474 3121 oeri-
1588 3081 1600 3102 ·

427 3164 507 3233 totis
534 3162 704 3233 hereticis
730 3160 976 3258 cuffrwantur,
993 3171 1025 3233 ct
1051 3159 1265 3235 Christianis
1291 3162 1474 3235 adversan-

426 3288 493 3349 tur.
550 3277 741 3372 Propterea
784 3276 997 3348 dormimus
1036 3275 1212 3348 haereticos
1250 3277 1474 3373 baptizandos

426 3416 504 3462 esse.

477 3508 573 3578 Huic
598 3509 868 3600 respondemus:
896 3508 1014 3577 Immo
1040 3510 1151 3601 magis
1180 3510 1378 3581 mirandum
1406 3522 1472 3596 est,

424 3633 462 3693 et
487 3646 614 3717 magna
639 3622 745 3693 laude
769 3624 1042 3716 praedicandum,
1059 3624 1154 3715 quod
1175 3634 1315 3694 tantum
1339 3626 1397 3695 isti
1421 3626 1473 3695 di·

426 3739 577 3809 lexerint
604 3740 788 3820 unitatem,
815 3748 856 3808 ut
886 3762 975 3830 quos
1003 3741 1285 3831 praevaricatores
1311 3742 1473 3812 veritatis

424 3854 694 3935 arbitrabantur,
718 3877 800 3922 cum
828 3854 879 3922 eis
908 3855 943 3921 in
973 3855 1109 3924 unitate
1134 3865 1409 3947 perseverantes,
1426 3856 1472 3925 ab

425 3969 475 4037 eis
504 3967 615 4058 pollui
645 3990 716 4036 non
747 3969 924 4036 timerent.
976 3968 1071 4038 Nam
1103 3993 1185 4039 cum
1216 3972 1283 4039 iste
1314 3971 1470 4051 dixisset,

423 4078 522 4150 Illud
546 4079 743 4149 mirandum
767 4089 826 4163 cst,
845 4080 937 4173 quod
961 4081 1101 4174 puidam
1128 4085 1240 4155 nostri
1261 4085 1472 4178 praevnricu·

424 4204 512 4265 tores
539 4195 693 4266 veritatis
719 4191 891 4266 lroerctr'cie
920 4193 1168 4294 euffruqantur,
1198 4208 1229 4270 et
1256 4198 1471 4273 Christiania

423 4308 670 4389 adversantrrr·;
697 4311 882 4381 videbatur
907 4334 982 4382 esse
1008 4314 1174 4394 dicturus,
1194 4314 1386 4406 Propterea
1410 4314 1472 4384 de·

424 4426 598 4495 ceruimus
624 4426 675 4494 eis
700 4448 770 4495 non
797 4449 872 4497 esso
898 4428 1243 4498 communicandum.
1296 4430 1378 4498 Non
1402 4428 1469 4497 hoc

566 4614 572 4637 ¹
592 4609 710 4681 [Addidi
725 4628 809 4667 voces
823 4611 850 4665 in
865 4611 915 4667 hoc
928 4631 965 4667 ex
979 4612 1075 4668 codice
1089 4619 1208 4689 utroque
1223 4613 1312 4685 meo]
