<?xml version="1.0" encoding="UTF-8"?>
<!DOCTYPE html PUBLIC "-//W3C//DTD XHTML 1.0 Transitional//EN"
    "http://www.w3.org/TR/xhtml1/DTD/xhtml1-transitional.dtd">
<html xmlns="http://www.w3.org/1999/xhtml" xml:lang="en" lang="en">
 <head>
  <title>
</title>
<meta http-equiv="Content-Type" content="text/html;charset=utf-8" />
  <meta name='ocr-system' content='tesseract 3.04.00' />
  <meta name='ocr-capabilities' content='ocr_page ocr_carea ocr_par ocr_line ocrx_word'/>
</head>
<body>
  <div class='ocr_page' id='page_1' title='image "./reliquiaesacrae02routgoog_0271.png"; bbox 0 0 3817 5692; ppageno 0'>
   <div class='ocr_carea' id='block_1_1' title="bbox 565 681 1396 747">
    <p class='ocr_par' dir='ltr' id='par_1_1' title="bbox 565 681 1396 747">
     <span class='ocr_line' id='line_1_1' title="bbox 565 681 1396 747; baseline -0.001 0"><span class='ocrx_word' id='word_1_1' title='bbox 565 683 807 747; x_wconf 85' lang='lat' dir='ltr'>RESPONSA</span> <span class='ocrx_word' id='word_1_2' title='bbox 833 683 900 745; x_wconf 81' lang='lat' dir='ltr'>AD</span> <span class='ocrx_word' id='word_1_3' title='bbox 924 681 1189 744; x_wconf 87' lang='lat' dir='ltr'><strong>EPISCOPOS.</strong></span> <span class='ocrx_word' id='word_1_4' title='bbox 1332 682 1396 746; x_wconf 76' lang='lat'>247</span> 
     </span>
    </p>
   </div>
   <div class='ocr_carea' id='block_1_2' title="bbox 340 853 1572 4059">
    <p class='ocr_par' dir='ltr' id='par_1_2' title="bbox 347 853 1401 1981">
     <span class='ocr_line' id='line_1_2' title="bbox 348 853 1395 947; baseline -0.008 -18"><span class='ocrx_word' id='word_1_5' title='bbox 348 860 492 929; x_wconf 83' lang='lat' dir='ltr'>diversae</span> <span class='ocrx_word' id='word_1_6' title='bbox 520 881 574 928; x_wconf 85' lang='lat' dir='ltr'>res</span> <span class='ocrx_word' id='word_1_7' title='bbox 601 866 696 928; x_wconf 90' lang='lat' dir='ltr'>sunt.</span> <span class='ocrx_word' id='word_1_8' title='bbox 747 855 786 926; x_wconf 90' lang='lat' dir='ltr'>Si</span> <span class='ocrx_word' id='word_1_9' title='bbox 813 855 923 947; x_wconf 91' lang='lat' dir='ltr'>iniqui</span> <span class='ocrx_word' id='word_1_10' title='bbox 950 855 1083 925; x_wconf 90' lang='lat' dir='ltr'>habent</span> <span class='ocrx_word' id='word_1_11' title='bbox 1109 853 1293 945; x_wconf 84' lang='lat' dir='ltr'>baptisma,</span> <span class='ocrx_word' id='word_1_12' title='bbox 1306 854 1395 945; x_wconf 89' lang='lat' dir='ltr'>justi</span> 
     </span>
     <span class='ocr_line' id='line_1_3' title="bbox 349 968 1398 1062; baseline -0.005 -20"><span class='ocrx_word' id='word_1_13' title='bbox 349 996 419 1043; x_wconf 94' lang='lat' dir='ltr'>non</span> <span class='ocrx_word' id='word_1_14' title='bbox 449 972 602 1043; x_wconf 85' lang='lat' dir='ltr'>habent:</span> <span class='ocrx_word' id='word_1_15' title='bbox 629 972 657 1040; x_wconf 92' lang='lat' dir='ltr'>si</span> <span class='ocrx_word' id='word_1_16' title='bbox 688 979 810 1041; x_wconf 87' lang='lat' dir='ltr'>autem</span> <span class='ocrx_word' id='word_1_17' title='bbox 835 970 924 1062; x_wconf 89' lang='lat' dir='ltr'>justi</span> <span class='ocrx_word' id='word_1_18' title='bbox 956 969 1101 1053; x_wconf 89' lang='lat' dir='ltr'>habent,</span> <span class='ocrx_word' id='word_1_19' title='bbox 1128 969 1237 1061; x_wconf 92' lang='lat' dir='ltr'>iniqui</span> <span class='ocrx_word' id='word_1_20' title='bbox 1267 968 1398 1038; x_wconf 86' lang='lat' dir='ltr'>habere</span> 
     </span>
     <span class='ocr_line' id='line_1_4' title="bbox 348 1083 1398 1182; baseline -0.005 -24"><span class='ocrx_word' id='word_1_21' title='bbox 348 1112 418 1158; x_wconf 94' lang='lat' dir='ltr'>non</span> <span class='ocrx_word' id='word_1_22' title='bbox 445 1097 600 1182; x_wconf 81' lang='lat' dir='ltr'>possunt.</span> <span class='ocrx_word' id='word_1_23' title='bbox 653 1086 812 1156; x_wconf 90' lang='lat' dir='ltr'>Dubium</span> <span class='ocrx_word' id='word_1_24' title='bbox 841 1097 962 1155; x_wconf 88' lang='lat' dir='ltr'>autem</span> <span class='ocrx_word' id='word_1_25' title='bbox 989 1109 1060 1154; x_wconf 92' lang='lat' dir='ltr'>non</span> <span class='ocrx_word' id='word_1_26' title='bbox 1086 1094 1151 1167; x_wconf 90' lang='lat' dir='ltr'>est,</span> <span class='ocrx_word' id='word_1_27' title='bbox 1163 1086 1280 1176; x_wconf 88' lang='lat' dir='ltr'>justos</span> <span class='ocrx_word' id='word_1_28' title='bbox 1305 1083 1398 1154; x_wconf 88' lang='lat' dir='ltr'>solos</span> 
     </span>
     <span class='ocr_line' id='line_1_5' title="bbox 348 1200 1399 1297; baseline -0.006 -23"><span class='ocrx_word' id='word_1_29' title='bbox 348 1205 562 1297; x_wconf 89' lang='lat' dir='ltr'>baptismum</span> <span class='ocrx_word' id='word_1_30' title='bbox 585 1202 716 1272; x_wconf 87' lang='lat' dir='ltr'>Christi</span> <span class='ocrx_word' id='word_1_31' title='bbox 743 1202 931 1293; x_wconf 85' lang='lat' dir='ltr'>possidere,</span> <span class='ocrx_word' id='word_1_32' title='bbox 957 1202 1018 1294; x_wconf 93' lang='lat' dir='ltr'>qui</span> <span class='ocrx_word' id='word_1_33' title='bbox 1044 1201 1108 1270; x_wconf 90' lang='lat' dir='ltr'>soli</span> <span class='ocrx_word' id='word_1_34' title='bbox 1135 1200 1338 1292; x_wconf 81' lang='lat' dir='ltr'>possideant</span> <span class='ocrx_word' id='word_1_35' title='bbox 1361 1208 1399 1268; x_wconf 87' lang='lat' dir='ltr'>et</span> 
     </span>
     <span class='ocr_line' id='line_1_6' title="bbox 347 1315 1398 1413; baseline -0.005 -25"><span class='ocrx_word' id='word_1_36' title='bbox 347 1319 497 1413; x_wconf 80' lang='lat' dir='ltr'>gratiam</span> <span class='ocrx_word' id='word_1_37' title='bbox 517 1315 648 1386; x_wconf 84' lang='lat' dir='ltr'>Christi</span> <span class='ocrx_word' id='word_1_38' title='bbox 667 1326 704 1385; x_wconf 89' lang='lat' dir='ltr'>et</span> <span class='ocrx_word' id='word_1_39' title='bbox 723 1316 920 1385; x_wconf 87' lang='lat' dir='ltr'>veritatem.</span> <span class='ocrx_word' id='word_1_40' title='bbox 975 1316 1056 1385; x_wconf 87' lang='lat' dir='ltr'>Hoo</span> <span class='ocrx_word' id='word_1_41' title='bbox 1074 1326 1171 1386; x_wconf 81' lang='lat' dir='ltr'>certe</span> <span class='ocrx_word' id='word_1_42' title='bbox 1188 1315 1316 1385; x_wconf 83' lang='lat' dir='ltr'>falsum</span> <span class='ocrx_word' id='word_1_43' title='bbox 1334 1325 1398 1395; x_wconf 85' lang='lat' dir='ltr'>est,</span> 
     </span>
     <span class='ocr_line' id='line_1_7' title="bbox 349 1429 1399 1523; baseline -0.004 -22"><span class='ocrx_word' id='word_1_44' title='bbox 349 1432 419 1503; x_wconf 84' lang='lat' dir='ltr'>illis</span> <span class='ocrx_word' id='word_1_45' title='bbox 436 1454 577 1523; x_wconf 90' lang='lat' dir='ltr'>quoque</span> <span class='ocrx_word' id='word_1_46' title='bbox 590 1430 797 1500; x_wconf 83' lang='lat' dir='ltr'>fatentibus.</span> <span class='ocrx_word' id='word_1_47' title='bbox 826 1430 874 1499; x_wconf 89' lang='lat' dir='ltr'>Et</span> <span class='ocrx_word' id='word_1_48' title='bbox 891 1429 943 1499; x_wconf 94' lang='lat' dir='ltr'>illi</span> <span class='ocrx_word' id='word_1_49' title='bbox 963 1432 1094 1523; x_wconf 87' lang='lat' dir='ltr'>quippe</span> <span class='ocrx_word' id='word_1_50' title='bbox 1111 1431 1221 1500; x_wconf 89' lang='lat' dir='ltr'>invidi</span> <span class='ocrx_word' id='word_1_51' title='bbox 1239 1431 1298 1521; x_wconf 93' lang='lat' dir='ltr'>qui</span> <span class='ocrx_word' id='word_1_52' title='bbox 1316 1439 1399 1499; x_wconf 85' lang='lat' dir='ltr'>sunt</span> 
     </span>
     <span class='ocr_line' id='line_1_8' title="bbox 350 1545 1400 1638; baseline -0.003 -21"><span class='ocrx_word' id='word_1_53' title='bbox 350 1557 518 1638; x_wconf 87' lang='lat' dir='ltr'>exparte</span> <span class='ocrx_word' id='word_1_54' title='bbox 544 1545 675 1615; x_wconf 91' lang='lat' dir='ltr'>diaboli</span> <span class='ocrx_word' id='word_1_55' title='bbox 699 1549 752 1613; x_wconf 87' lang='lat' dir='ltr'>&#39;et</span> <span class='ocrx_word' id='word_1_56' title='bbox 775 1546 870 1614; x_wconf 90' lang='lat' dir='ltr'>intus</span> <span class='ocrx_word' id='word_1_57' title='bbox 893 1546 1010 1636; x_wconf 89' lang='lat' dir='ltr'>positi,</span> <span class='ocrx_word' id='word_1_58' title='bbox 1032 1545 1123 1615; x_wconf 89' lang='lat' dir='ltr'>siout</span> <span class='ocrx_word' id='word_1_59' title='bbox 1150 1545 1236 1614; x_wconf 87' lang='lat' dir='ltr'>dioit</span> <span class='ocrx_word' id='word_1_60' title='bbox 1255 1545 1400 1637; x_wconf 85' lang='lat' dir='ltr'>Cypria-</span> 
     </span>
     <span class='ocr_line' id='line_1_9' title="bbox 350 1657 1401 1753; baseline -0.004 -21"><span class='ocrx_word' id='word_1_61' title='bbox 350 1685 428 1743; x_wconf 88' lang='lat' dir='ltr'>nus,</span> <span class='ocrx_word' id='word_1_62' title='bbox 445 1672 553 1753; x_wconf 88' lang='lat' dir='ltr'>atque</span> <span class='ocrx_word' id='word_1_63' title='bbox 570 1670 586 1719; x_wconf 74' lang='lat' dir='ltr'>t</span> <span class='ocrx_word' id='word_1_64' title='bbox 593 1658 752 1751; x_wconf 88' lang='lat' dir='ltr'>apostolo</span> <span class='ocrx_word' id='word_1_65' title='bbox 771 1657 885 1729; x_wconf 92' lang='lat' dir='ltr'>Paulo</span> <span class='ocrx_word' id='word_1_66' title='bbox 903 1661 1088 1741; x_wconf 88' lang='lat' dir='ltr'>notissimi,</span> <span class='ocrx_word' id='word_1_67' title='bbox 1106 1659 1321 1751; x_wconf 88' lang='lat' dir='ltr'>baptismum</span> <span class='ocrx_word' id='word_1_68' title='bbox 1339 1659 1401 1728; x_wconf 89' lang='lat' dir='ltr'>ha-</span> 
     </span>
     <span class='ocr_line' id='line_1_10' title="bbox 352 1773 1401 1866; baseline -0.002 -20"><span class='ocrx_word' id='word_1_69' title='bbox 352 1777 503 1859; x_wconf 84' lang='lat' dir='ltr'>bebant3</span> <span class='ocrx_word' id='word_1_70' title='bbox 522 1799 588 1845; x_wconf 85' lang='lat' dir='ltr'>neo</span> <span class='ocrx_word' id='word_1_71' title='bbox 606 1773 649 1844; x_wconf 87' lang='lat' dir='ltr'>ad</span> <span class='ocrx_word' id='word_1_72' title='bbox 668 1774 829 1844; x_wconf 91' lang='lat' dir='ltr'>membra</span> <span class='ocrx_word' id='word_1_73' title='bbox 846 1774 941 1844; x_wconf 84' lang='lat' dir='ltr'>illius</span> <span class='ocrx_word' id='word_1_74' title='bbox 959 1773 1131 1844; x_wconf 81' lang='lat' dir='ltr'>columbae</span> <span class='ocrx_word' id='word_1_75' title='bbox 1148 1797 1229 1865; x_wconf 87' lang='lat' dir='ltr'>quae</span> <span class='ocrx_word' id='word_1_76' title='bbox 1247 1774 1281 1843; x_wconf 94' lang='lat' dir='ltr'>in</span> <span class='ocrx_word' id='word_1_77' title='bbox 1301 1785 1401 1866; x_wconf 86' lang='lat' dir='ltr'>petra</span> 
     </span>
     <span class='ocr_line' id='line_1_11' title="bbox 351 1889 754 1981; baseline -0.005 -22"><span class='ocrx_word' id='word_1_78' title='bbox 351 1900 430 1960; x_wconf 89' lang='lat' dir='ltr'>tuta</span> <span class='ocrx_word' id='word_1_79' title='bbox 447 1900 502 1960; x_wconf 90' lang='lat' dir='ltr'>est</span> <span class='ocrx_word' id='word_1_80' title='bbox 519 1889 754 1981; x_wconf 85' lang='lat' dir='ltr'>pertinebant.</span> 
     </span>
    </p>

    <p class='ocr_par' dir='ltr' id='par_1_3' title="bbox 340 2006 1525 2450">
     <span class='ocr_line' id='line_1_12' title="bbox 401 2006 1525 2103; baseline -0.003 -24"><span class='ocrx_word' id='word_1_81' title='bbox 401 2009 602 2103; x_wconf 89' lang='lat' dir='ltr'>Adelphius</span> <span class='ocrx_word' id='word_1_82' title='bbox 620 2032 641 2079; x_wconf 91' lang='lat' dir='ltr'>a</span> <span class='ocrx_word' id='word_1_83' title='bbox 657 2008 847 2079; x_wconf 81' lang='lat' dir='ltr'>Thasbalte</span> <span class='ocrx_word' id='word_1_84' title='bbox 869 2009 979 2079; x_wconf 84' lang='lat' dir='ltr'>dixit:</span> <span class='ocrx_word' id='word_1_85' title='bbox 1006 2006 1094 2080; x_wconf 85' lang='lat' dir='ltr'>Sine</span> <span class='ocrx_word' id='word_1_86' title='bbox 1119 2031 1239 2079; x_wconf 70' lang='lat' dir='ltr'>cauata</span> <span class='ocrx_word' id='word_1_87' title='bbox 1265 2006 1525 2101; x_wconf 58' lang='lat' dir='ltr'>quidemcm.</span> 
     </span>
     <span class='ocr_line' id='line_1_13' title="bbox 340 2122 1403 2220; baseline -0.001 -25"><span class='ocrx_word' id='word_1_88' title='bbox 340 2122 441 2218; x_wconf 76' lang='lat' dir='ltr'>fodro</span> <span class='ocrx_word' id='word_1_89' title='bbox 458 2133 489 2195; x_wconf 86' lang='lat' dir='ltr'>et</span> <span class='ocrx_word' id='word_1_90' title='bbox 506 2124 677 2196; x_wconf 78' lang='lat' dir='ltr'>inuidioso</span> <span class='ocrx_word' id='word_1_91' title='bbox 694 2122 792 2195; x_wconf 82' lang='lat' dir='ltr'>verbo</span> <span class='ocrx_word' id='word_1_92' title='bbox 809 2124 1012 2220; x_wconf 72' lang='lat' dir='ltr'>impeqnant</span> <span class='ocrx_word' id='word_1_93' title='bbox 1029 2124 1215 2207; x_wconf 82' lang='lat' dir='ltr'>veritatem,</span> <span class='ocrx_word' id='word_1_94' title='bbox 1230 2131 1268 2194; x_wconf 85' lang='lat' dir='ltr'>at</span> <span class='ocrx_word' id='word_1_95' title='bbox 1284 2122 1403 2218; x_wconf 78' lang='lat' dir='ltr'>rebap-</span> 
     </span>
     <span class='ocr_line' id='line_1_14' title="bbox 352 2237 1404 2333; baseline 0 -24"><span class='ocrx_word' id='word_1_96' title='bbox 352 2240 462 2312; x_wconf 78' lang='lat' dir='ltr'>tizare</span> <span class='ocrx_word' id='word_1_97' title='bbox 485 2265 546 2311; x_wconf 79' lang='lat' dir='ltr'>nos</span> <span class='ocrx_word' id='word_1_98' title='bbox 572 2240 699 2323; x_wconf 84' lang='lat' dir='ltr'>dicant,</span> <span class='ocrx_word' id='word_1_99' title='bbox 717 2237 854 2333; x_wconf 79' lang='lat' dir='ltr'>quarado</span> <span class='ocrx_word' id='word_1_100' title='bbox 874 2238 1031 2311; x_wconf 75' lang='lat' dir='ltr'>Ecclesia</span> <span class='ocrx_word' id='word_1_101' title='bbox 1057 2237 1235 2310; x_wconf 74' lang='lat' dir='ltr'>haereticos</span> <span class='ocrx_word' id='word_1_102' title='bbox 1261 2263 1329 2309; x_wconf 83' lang='lat' dir='ltr'>non</span> <span class='ocrx_word' id='word_1_103' title='bbox 1350 2262 1404 2309; x_wconf 86' lang='lat' dir='ltr'>re-</span> 
     </span>
     <span class='ocr_line' id='line_1_15' title="bbox 353 2351 758 2450; baseline 0.002 -29"><span class='ocrx_word' id='word_1_104' title='bbox 353 2351 509 2448; x_wconf 79' lang='lat' dir='ltr'>baptizet,</span> <span class='ocrx_word' id='word_1_105' title='bbox 527 2354 587 2427; x_wconf 80' lang='lat' dir='ltr'>sed</span> <span class='ocrx_word' id='word_1_106' title='bbox 601 2355 758 2450; x_wconf 82' lang='lat' dir='ltr'>baptizet.</span> 
     </span>
    </p>

    <p class='ocr_par' dir='ltr' id='par_1_4' title="bbox 354 2469 1404 2907">
     <span class='ocr_line' id='line_1_16' title="bbox 403 2469 1404 2562; baseline -0.002 -24"><span class='ocrx_word' id='word_1_107' title='bbox 403 2469 520 2540; x_wconf 94' lang='lat' dir='ltr'>Immo</span> <span class='ocrx_word' id='word_1_108' title='bbox 547 2494 628 2540; x_wconf 83' lang='lat' dir='ltr'>vero</span> <span class='ocrx_word' id='word_1_109' title='bbox 654 2471 760 2539; x_wconf 90' lang='lat' dir='ltr'>modo</span> <span class='ocrx_word' id='word_1_110' title='bbox 792 2492 861 2537; x_wconf 94' lang='lat' dir='ltr'>non</span> <span class='ocrx_word' id='word_1_111' title='bbox 891 2471 1108 2561; x_wconf 80' lang='lat' dir='ltr'>rebaptizat3</span> <span class='ocrx_word' id='word_1_112' title='bbox 1135 2472 1217 2562; x_wconf 87' lang='lat' dir='ltr'>quia</span> <span class='ocrx_word' id='word_1_113' title='bbox 1247 2471 1312 2539; x_wconf 86' lang='lat' dir='ltr'>nisi</span> <span class='ocrx_word' id='word_1_114' title='bbox 1343 2490 1404 2537; x_wconf 91' lang='lat' dir='ltr'>eos</span> 
     </span>
     <span class='ocr_line' id='line_1_17' title="bbox 354 2585 1404 2678; baseline 0.001 -26"><span class='ocrx_word' id='word_1_115' title='bbox 354 2586 413 2675; x_wconf 93' lang='lat' dir='ltr'>qui</span> <span class='ocrx_word' id='word_1_116' title='bbox 436 2585 605 2678; x_wconf 86' lang='lat' dir='ltr'>baptizati</span> <span class='ocrx_word' id='word_1_117' title='bbox 629 2607 700 2654; x_wconf 94' lang='lat' dir='ltr'>non</span> <span class='ocrx_word' id='word_1_118' title='bbox 724 2595 818 2666; x_wconf 91' lang='lat' dir='ltr'>sunt,</span> <span class='ocrx_word' id='word_1_119' title='bbox 836 2607 908 2652; x_wconf 92' lang='lat' dir='ltr'>non</span> <span class='ocrx_word' id='word_1_120' title='bbox 926 2585 1103 2676; x_wconf 80' lang='lat' dir='ltr'>baptizat3</span> <span class='ocrx_word' id='word_1_121' title='bbox 1132 2608 1237 2676; x_wconf 86' lang='lat' dir='ltr'>qnam</span> <span class='ocrx_word' id='word_1_122' title='bbox 1257 2607 1404 2654; x_wconf 87' lang='lat' dir='ltr'>eonsue-</span> 
     </span>
     <span class='ocr_line' id='line_1_18' title="bbox 354 2693 1403 2791; baseline -0.002 -23"><span class='ocrx_word' id='word_1_123' title='bbox 354 2699 514 2769; x_wconf 91' lang='lat' dir='ltr'>tudinem</span> <span class='ocrx_word' id='word_1_124' title='bbox 527 2700 736 2769; x_wconf 88' lang='lat' dir='ltr'>anteriorem</span> <span class='ocrx_word' id='word_1_125' title='bbox 748 2707 932 2790; x_wconf 83' lang='lat' dir='ltr'>perspecta</span> <span class='ocrx_word' id='word_1_126' title='bbox 943 2693 1148 2791; x_wconf 86' lang='lat' dir='ltr'>diligentius</span> <span class='ocrx_word' id='word_1_127' title='bbox 1158 2700 1285 2768; x_wconf 86' lang='lat' dir='ltr'>veritas</span> <span class='ocrx_word' id='word_1_128' title='bbox 1296 2699 1403 2767; x_wconf 83' lang='lat' dir='ltr'>etiam</span> 
     </span>
     <span class='ocr_line' id='line_1_19' title="bbox 355 2801 998 2907; baseline -0.005 -22"><span class='ocrx_word' id='word_1_129' title='bbox 355 2813 504 2885; x_wconf 84' lang='lat' dir='ltr'>concilio</span> <span class='ocrx_word' id='word_1_130' title='bbox 522 2815 715 2907; x_wconf 89' lang='lat' dir='ltr'>posteriore</span> <span class='ocrx_word' id='word_1_131' title='bbox 732 2813 895 2884; x_wconf 89' lang='lat' dir='ltr'>firmavit.</span> <span class='ocrx_word' id='word_1_132' title='bbox 994 2801 998 2807; x_wconf 43' lang='lat'><strong>¹</strong></span> 
     </span>
    </p>

    <p class='ocr_par' dir='ltr' id='par_1_5' title="bbox 356 2928 1527 3600">
     <span class='ocr_line' id='line_1_20' title="bbox 406 2928 1527 3024; baseline -0.006 -25"><span class='ocrx_word' id='word_1_133' title='bbox 406 2929 611 3001; x_wconf 90' lang='lat' dir='ltr'>Demetrius</span> <span class='ocrx_word' id='word_1_134' title='bbox 636 2954 658 3001; x_wconf 93' lang='lat' dir='ltr'>a</span> <span class='ocrx_word' id='word_1_135' title='bbox 684 2930 924 3022; x_wconf 86' lang='lat' dir='ltr'>Lepti-minus</span> <span class='ocrx_word' id='word_1_136' title='bbox 952 2928 1063 2999; x_wconf 86' lang='lat' dir='ltr'>dixit:</span> <span class='ocrx_word' id='word_1_137' title='bbox 1096 2928 1211 3001; x_wconf 83' lang='lat' dir='ltr'>Unam</span> <span class='ocrx_word' id='word_1_138' title='bbox 1238 2928 1471 3024; x_wconf 73' lang='lat' dir='ltr'>baptismacn·</span> <span class='ocrx_word' id='word_1_139' title='bbox 1488 2961 1527 3008; x_wconf 80' lang='lat'>43·</span> 
     </span>
     <span class='ocr_line' id='line_1_21' title="bbox 356 3042 1405 3140; baseline 0.001 -25"><span class='ocrx_word' id='word_1_140' title='bbox 356 3068 418 3115; x_wconf 80' lang='lat' dir='ltr'>nos</span> <span class='ocrx_word' id='word_1_141' title='bbox 435 3045 655 3129; x_wconf 72' lang='lat' dir='ltr'>aristodimus,</span> <span class='ocrx_word' id='word_1_142' title='bbox 669 3045 750 3140; x_wconf 82' lang='lat' dir='ltr'>qnia</span> <span class='ocrx_word' id='word_1_143' title='bbox 762 3042 928 3116; x_wconf 75' lang='lat' dir='ltr'>Ecclesia&gt;</span> <span class='ocrx_word' id='word_1_144' title='bbox 944 3042 1121 3116; x_wconf 76' lang='lat' dir='ltr'>catholica</span> <span class='ocrx_word' id='word_1_145' title='bbox 1136 3044 1203 3117; x_wconf 79' lang='lat' dir='ltr'>soli</span> <span class='ocrx_word' id='word_1_146' title='bbox 1218 3069 1290 3116; x_wconf 83' lang='lat' dir='ltr'>rem</span> <span class='ocrx_word' id='word_1_147' title='bbox 1308 3069 1405 3116; x_wconf 79' lang='lat' dir='ltr'>suam</span> 
     </span>
     <span class='ocr_line' id='line_1_22' title="bbox 356 3158 1407 3255; baseline 0.001 -25"><span class='ocrx_word' id='word_1_148' title='bbox 356 3159 580 3233; x_wconf 75' lang='lat' dir='ltr'>vindicamur.</span> <span class='ocrx_word' id='word_1_149' title='bbox 633 3160 704 3251; x_wconf 74' lang='lat' dir='ltr'>Qui</span> <span class='ocrx_word' id='word_1_150' title='bbox 721 3170 831 3231; x_wconf 85' lang='lat' dir='ltr'>autem</span> <span class='ocrx_word' id='word_1_151' title='bbox 856 3158 976 3231; x_wconf 83' lang='lat' dir='ltr'>dicant</span> <span class='ocrx_word' id='word_1_152' title='bbox 1001 3160 1083 3255; x_wconf 84' lang='lat' dir='ltr'>qaia</span> <span class='ocrx_word' id='word_1_153' title='bbox 1100 3158 1255 3232; x_wconf 74' lang='lat' dir='ltr'>haretici</span> <span class='ocrx_word' id='word_1_154' title='bbox 1277 3185 1354 3233; x_wconf 83' lang='lat' dir='ltr'>aere</span> <span class='ocrx_word' id='word_1_155' title='bbox 1375 3170 1407 3232; x_wconf 85' lang='lat' dir='ltr'>et</span> 
     </span>
     <span class='ocr_line' id='line_1_23' title="bbox 356 3271 1407 3370; baseline 0.002 -27"><span class='ocrx_word' id='word_1_156' title='bbox 356 3271 505 3370; x_wconf 73' lang='lat' dir='ltr'>lepitime</span> <span class='ocrx_word' id='word_1_157' title='bbox 531 3275 717 3370; x_wconf 81' lang='lat' dir='ltr'>baptizant,</span> <span class='ocrx_word' id='word_1_158' title='bbox 735 3276 805 3369; x_wconf 80' lang='lat' dir='ltr'>ipsi</span> <span class='ocrx_word' id='word_1_159' title='bbox 828 3283 908 3345; x_wconf 80' lang='lat' dir='ltr'>sunt</span> <span class='ocrx_word' id='word_1_160' title='bbox 931 3275 993 3370; x_wconf 82' lang='lat' dir='ltr'>qai</span> <span class='ocrx_word' id='word_1_161' title='bbox 1012 3298 1081 3345; x_wconf 86' lang='lat' dir='ltr'>noa</span> <span class='ocrx_word' id='word_1_162' title='bbox 1099 3273 1201 3357; x_wconf 79' lang='lat' dir='ltr'>zduo,</span> <span class='ocrx_word' id='word_1_163' title='bbox 1218 3273 1279 3345; x_wconf 81' lang='lat' dir='ltr'>sed</span> <span class='ocrx_word' id='word_1_164' title='bbox 1300 3274 1407 3346; x_wconf 80' lang='lat' dir='ltr'>melta</span> 
     </span>
     <span class='ocr_line' id='line_1_24' title="bbox 357 3385 1407 3485; baseline 0.004 -28"><span class='ocrx_word' id='word_1_165' title='bbox 357 3385 559 3482; x_wconf 79' lang='lat' dir='ltr'>baptismata</span> <span class='ocrx_word' id='word_1_166' title='bbox 565 3390 733 3485; x_wconf 81' lang='lat' dir='ltr'>facient:</span> <span class='ocrx_word' id='word_1_167' title='bbox 760 3414 840 3461; x_wconf 82' lang='lat' dir='ltr'>nam</span> <span class='ocrx_word' id='word_1_168' title='bbox 858 3413 934 3461; x_wconf 84' lang='lat' dir='ltr'>oum</span> <span class='ocrx_word' id='word_1_169' title='bbox 951 3387 1096 3460; x_wconf 75' lang='lat' dir='ltr'>hareses</span> <span class='ocrx_word' id='word_1_170' title='bbox 1113 3388 1230 3461; x_wconf 77' lang='lat' dir='ltr'>maltro</span> <span class='ocrx_word' id='word_1_171' title='bbox 1245 3390 1324 3472; x_wconf 78' lang='lat' dir='ltr'>aiat,</span> <span class='ocrx_word' id='word_1_172' title='bbox 1338 3414 1407 3484; x_wconf 82' lang='lat' dir='ltr'>pro</span> 
     </span>
     <span class='ocr_line' id='line_1_25' title="bbox 357 3505 1213 3600; baseline 0.004 -25"><span class='ocrx_word' id='word_1_173' title='bbox 357 3528 474 3576; x_wconf 80' lang='lat' dir='ltr'>aarum</span> <span class='ocrx_word' id='word_1_174' title='bbox 493 3530 635 3577; x_wconf 67' lang='lat' dir='ltr'>raumara</span> <span class='ocrx_word' id='word_1_175' title='bbox 652 3517 684 3577; x_wconf 90' lang='lat' dir='ltr'>et</span> <span class='ocrx_word' id='word_1_176' title='bbox 700 3505 904 3600; x_wconf 79' lang='lat' dir='ltr'>baptismata</span> <span class='ocrx_word' id='word_1_177' title='bbox 921 3505 1213 3600; x_wconf 82' lang='lat' dir='ltr'>computabantur.</span> 
     </span>
    </p>

    <p class='ocr_par' dir='ltr' id='par_1_6' title="bbox 358 3620 1572 4059">
     <span class='ocr_line' id='line_1_26' title="bbox 410 3620 1409 3717; baseline 0.002 -26"><span class='ocrx_word' id='word_1_178' title='bbox 410 3620 506 3692; x_wconf 88' lang='lat' dir='ltr'>Huio</span> <span class='ocrx_word' id='word_1_179' title='bbox 523 3622 776 3716; x_wconf 85' lang='lat' dir='ltr'>respondetur:</span> <span class='ocrx_word' id='word_1_180' title='bbox 806 3622 843 3692; x_wconf 86' lang='lat' dir='ltr'>Si</span> <span class='ocrx_word' id='word_1_181' title='bbox 862 3624 913 3692; x_wconf 90' lang='lat' dir='ltr'>ita</span> <span class='ocrx_word' id='word_1_182' title='bbox 930 3633 994 3702; x_wconf 85' lang='lat' dir='ltr'>est,</span> <span class='ocrx_word' id='word_1_183' title='bbox 1006 3633 1061 3692; x_wconf 89' lang='lat' dir='ltr'>tot</span> <span class='ocrx_word' id='word_1_184' title='bbox 1074 3646 1158 3717; x_wconf 83' lang='lat' dir='ltr'>ergo</span> <span class='ocrx_word' id='word_1_185' title='bbox 1177 3633 1409 3693; x_wconf 84' lang='lat' dir='ltr'>numerentur</span> 
     </span>
     <span class='ocr_line' id='line_1_27' title="bbox 358 3738 1409 3831; baseline 0.002 -24"><span class='ocrx_word' id='word_1_186' title='bbox 358 3738 579 3831; x_wconf 82' lang='lat' dir='ltr'>baptismata,</span> <span class='ocrx_word' id='word_1_187' title='bbox 608 3750 695 3829; x_wconf 92' lang='lat' dir='ltr'>quot</span> <span class='ocrx_word' id='word_1_188' title='bbox 725 3748 808 3808; x_wconf 90' lang='lat' dir='ltr'>sunt</span> <span class='ocrx_word' id='word_1_189' title='bbox 838 3759 944 3831; x_wconf 87' lang='lat' dir='ltr'>opera</span> <span class='ocrx_word' id='word_1_190' title='bbox 973 3739 1098 3818; x_wconf 87' lang='lat' dir='ltr'>earnis,</span> <span class='ocrx_word' id='word_1_191' title='bbox 1127 3739 1171 3808; x_wconf 87' lang='lat' dir='ltr'>de</span> <span class='ocrx_word' id='word_1_192' title='bbox 1201 3740 1328 3829; x_wconf 91' lang='lat' dir='ltr'>quibus</span> <span class='ocrx_word' id='word_1_193' title='bbox 1358 3741 1409 3809; x_wconf 87' lang='lat' dir='ltr'>ait</span> 
     </span>
     <span class='ocr_line' id='line_1_28' title="bbox 359 3851 1572 3947; baseline 0.008 -27"><span class='ocrx_word' id='word_1_194' title='bbox 359 3851 566 3943; x_wconf 88' lang='lat' dir='ltr'>Apostolus,</span> <span class='ocrx_word' id='word_1_195' title='bbox 593 3855 757 3944; x_wconf 87' lang='lat' dir='ltr'>quoniam</span> <span class='ocrx_word' id='word_1_196' title='bbox 794 3855 853 3944; x_wconf 93' lang='lat' dir='ltr'>qui</span> <span class='ocrx_word' id='word_1_197' title='bbox 885 3853 971 3923; x_wconf 85' lang='lat' dir='ltr'>talia</span> <span class='ocrx_word' id='word_1_198' title='bbox 1004 3865 1127 3945; x_wconf 87' lang='lat' dir='ltr'>agunt,</span> <span class='ocrx_word' id='word_1_199' title='bbox 1154 3877 1303 3947; x_wconf 81' lang='lat' dir='ltr'>regnum</span> <span class='ocrx_word' id='word_1_200' title='bbox 1337 3855 1406 3925; x_wconf 86' lang='lat' dir='ltr'>Dei</span> <span class='ocrx_word' id='word_1_201' title='bbox 1418 3880 1572 3930; x_wconf 63' lang='lat' dir='ltr'>oasam.</span> 
     </span>
     <span class='ocr_line' id='line_1_29' title="bbox 360 3968 1408 4059; baseline 0.008 -26"><span class='ocrx_word' id='word_1_202' title='bbox 360 3988 430 4034; x_wconf 97' lang='lat' dir='ltr'>non</span> <span class='ocrx_word' id='word_1_203' title='bbox 449 3968 694 4057; x_wconf 87' lang='lat' dir='ltr'>possidebunt:</span> <span class='ocrx_word' id='word_1_204' title='bbox 723 3970 816 4037; x_wconf 87' lang='lat' dir='ltr'>inter</span> <span class='ocrx_word' id='word_1_205' title='bbox 833 3991 909 4059; x_wconf 83' lang='lat' dir='ltr'>quae</span> <span class='ocrx_word' id='word_1_206' title='bbox 933 3978 1165 4039; x_wconf 82' lang='lat' dir='ltr'>numerantur</span> <span class='ocrx_word' id='word_1_207' title='bbox 1187 3980 1225 4040; x_wconf 87' lang='lat' dir='ltr'>et</span> <span class='ocrx_word' id='word_1_208' title='bbox 1251 3971 1408 4057; x_wconf 79' lang='lat' dir='ltr'>hareses,</span> 
     </span>
    </p>
   </div>
   <div class='ocr_carea' id='block_1_3' title="bbox 361 4161 1409 4316">
    <p class='ocr_par' dir='ltr' id='par_1_7' title="bbox 361 4161 1409 4316">
     <span class='ocr_line' id='line_1_30' title="bbox 401 4161 1409 4242; baseline 0.004 -23"><span class='ocrx_word' id='word_1_209' title='bbox 401 4174 416 4219; x_wconf 77' lang='lat' dir='ltr'>t</span> <span class='ocrx_word' id='word_1_210' title='bbox 433 4161 467 4218; x_wconf 91' lang='lat' dir='ltr'>ln</span> <span class='ocrx_word' id='word_1_211' title='bbox 482 4162 648 4236; x_wconf 85' lang='lat' dir='ltr'>quibusdam</span> <span class='ocrx_word' id='word_1_212' title='bbox 668 4164 756 4229; x_wconf 76' lang='lat' dir='ltr'>libris,</span> <span class='ocrx_word' id='word_1_213' title='bbox 772 4173 853 4239; x_wconf 81' lang='lat' dir='ltr'>atque</span> <span class='ocrx_word' id='word_1_214' title='bbox 873 4165 1012 4239; x_wconf 78' lang='lat' dir='ltr'>apostolas</span> <span class='ocrx_word' id='word_1_215' title='bbox 1028 4166 1140 4230; x_wconf 80' lang='lat' dir='ltr'>Paulae,</span> <span class='ocrx_word' id='word_1_216' title='bbox 1155 4168 1322 4223; x_wconf 80' lang='lat' dir='ltr'>notissimum</span> <span class='ocrx_word' id='word_1_217' title='bbox 1345 4167 1409 4242; x_wconf 81' lang='lat' dir='ltr'>bap·</span> 
     </span>
     <span class='ocr_line' id='line_1_31' title="bbox 361 4258 477 4316; baseline 0.026 -3"><span class='ocrx_word' id='word_1_218' title='bbox 361 4258 477 4316; x_wconf 60' lang='lat' dir='ltr'>tamam.</span> 
     </span>
    </p>
   </div>
   <div class='ocr_carea' id='block_1_4' title="bbox 362 4357 1408 4511">
    <p class='ocr_par' dir='ltr' id='par_1_8' title="bbox 362 4357 1408 4511">
     <span class='ocr_line' id='line_1_32' title="bbox 404 4357 1408 4435; baseline 0.001 -21"><span class='ocrx_word' id='word_1_219' title='bbox 404 4357 482 4414; x_wconf 86' lang='lat' dir='ltr'>zSia</span> <span class='ocrx_word' id='word_1_220' title='bbox 505 4360 566 4415; x_wconf 75' lang='lat' dir='ltr'>Am.</span> <span class='ocrx_word' id='word_1_221' title='bbox 594 4359 643 4416; x_wconf 83' lang='lat' dir='ltr'>Er.</span> <span class='ocrx_word' id='word_1_222' title='bbox 668 4367 696 4415; x_wconf 87' lang='lat' dir='ltr'>et</span> <span class='ocrx_word' id='word_1_223' title='bbox 721 4377 820 4415; x_wconf 87' lang='lat' dir='ltr'>omnes</span> <span class='ocrx_word' id='word_1_224' title='bbox 845 4359 892 4415; x_wconf 85' lang='lat' dir='ltr'>hie</span> <span class='ocrx_word' id='word_1_225' title='bbox 914 4357 1005 4415; x_wconf 90' lang='lat' dir='ltr'><strong>MSS.</strong></span> <span class='ocrx_word' id='word_1_226' title='bbox 1048 4360 1084 4416; x_wconf 77' lang='lat' dir='ltr'>At</span> <span class='ocrx_word' id='word_1_227' title='bbox 1107 4359 1176 4416; x_wconf 86' lang='lat' dir='ltr'>Lov.</span> <span class='ocrx_word' id='word_1_228' title='bbox 1200 4370 1228 4417; x_wconf 84' lang='lat' dir='ltr'>et</span> <span class='ocrx_word' id='word_1_229' title='bbox 1250 4363 1336 4435; x_wconf 80' lang='lat' dir='ltr'>Cypr.</span> <span class='ocrx_word' id='word_1_230' title='bbox 1358 4378 1408 4415; x_wconf 80' lang='lat' dir='ltr'>aon</span> 
     </span>
     <span class='ocr_line' id='line_1_33' title="bbox 362 4475 453 4511; baseline 0.011 -1"><span class='ocrx_word' id='word_1_231' title='bbox 362 4475 453 4511; x_wconf 72' lang='lat' dir='ltr'>anoni.</span> 
     </span>
    </p>
   </div>
   <div class='ocr_carea' id='block_1_5' title="bbox 646 4560 1119 4635">
    <p class='ocr_par' dir='ltr' id='par_1_9' title="bbox 646 4560 1119 4635">
     <span class='ocr_line' id='line_1_34' title="bbox 646 4560 1119 4635; baseline -0.002 -18"><span class='ocrx_word' id='word_1_232' title='bbox 646 4569 653 4591; x_wconf 91' lang='lat'><em>¹</em></span> <span class='ocrx_word' id='word_1_233' title='bbox 672 4561 729 4633; x_wconf 82' lang='lat' dir='ltr'>[Ex</span> <span class='ocrx_word' id='word_1_234' title='bbox 742 4561 831 4617; x_wconf 83' lang='lat' dir='ltr'>altero</span> <span class='ocrx_word' id='word_1_235' title='bbox 847 4579 910 4617; x_wconf 91' lang='lat' dir='ltr'>meo</span> <span class='ocrx_word' id='word_1_236' title='bbox 922 4560 986 4617; x_wconf 83' lang='lat' dir='ltr'>MS.</span> <span class='ocrx_word' id='word_1_237' title='bbox 999 4560 1119 4635; x_wconf 80' lang='lat' dir='ltr'>addidi]</span> 
     </span>
    </p>
   </div>
   <div class='ocr_carea' id='block_1_6' title="bbox 0 0 1938 5692">
    <p class='ocr_par' dir='ltr' id='par_1_10' title="bbox 0 0 1938 5692">
     <span class='ocr_line' id='line_1_35' title="bbox 0 0 1938 5692; baseline 0 0"><span class='ocrx_word' id='word_1_238' title='bbox 0 0 1938 5692; x_wconf 95' lang='lat' dir='ltr'> </span> 
     </span>
    </p>
   </div>
  </div>
 </body>
</html>
