3817 5692
451 697 515 760 154
680 694 933 761 ARCHELAI
961 694 1023 757 ΕΤ
1048 694 1268 758 MANETIS

445 871 603 964 implere,
621 879 659 942 et
683 870 896 964 prophetas?
924 869 1012 940 Post
1034 868 1108 940 hoec
1126 891 1209 940 vero
1226 867 1345 937 omuia
1361 865 1489 935 edocet

442 987 683 1078 apostolorum
708 987 886 1057 maximus
908 985 1041 1056 Paulus
1058 985 1220 1067 ”dicenu
1240 983 1331 1054 'Aut
1353 981 1489 1074 emperi-

442 1111 590 1174 rucmtum
614 1101 773 1198 quaeritis
794 1101 875 1195 cp‘us,
894 1102 954 1195 qui
982 1102 1017 1170 im
1045 1125 1097 1171 mc
1121 1097 1275 1194 loquitur
1294 1094 1489 1171 Christus?

442 1217 539 1301 Quid
556 1243 641 1314 ergo
657 1218 745 1289 mihi
763 1241 851 1310 opus
868 1227 923 1288 est
940 1217 1235 1297 ”circumcisione
1253 1237 1335 1285 cum
1356 1213 1487 1306 possim

440 1343 479 1404 et
504 1336 541 1406 in
568 1337 738 1428 praeputio
757 1332 970 1427 justificari?
997 1332 1046 1403 Et
1072 1334 1241 1425 scriptum
1259 1339 1322 1412 est,
1341 1327 1488 1423 ⁰Sr'quic

440 1451 664 1522 circumcisus
689 1460 747 1533 cci,
765 1473 834 1521 nou
860 1449 1009 1520 adducat
1032 1449 1256 1543 proeputium,
1274 1456 1334 1518 aut
1355 1447 1388 1517 si
1408 1447 1486 1540 quis

439 1568 479 1638 im
498 1568 675 1663 proeputio
691 1577 750 1650 cst,
769 1591 837 1638 nou
855 1563 1133 1638 circumcidatur.
1187 1561 1378 1656 Utrumque
1394 1562 1485 1632 enim

438 1681 532 1755 uidit
563 1695 623 1767 cot,
650 1684 722 1754 uici
755 1682 942 1754 obscuratio
977 1680 1215 1751 mandatorum
1246 1678 1341 1750 Dei.²
1392 1679 1484 1749 Cum

437 1823 522 1895 crgo
540 1801 677 1873 nullum
705 1803 813 1893 possit
838 1799 972 1870 salvare
997 1797 1227 1878 circumcisio,
1245 1818 1316 1864 nou
1341 1818 1486 1888 magno·

436 1937 521 2008 pero
546 1918 755 2008 requirenda
782 1924 857 1997 est;
883 1915 1038 1984 maxime
1065 1935 1147 1983 cum
1173 1913 1199 1982 si
1228 1913 1305 2004 quis
1334 1912 1371 1981 in
1400 1934 1484 2003 prae-

435 2031 537 2122 putio
554 2041 701 2104 vocatus
725 2030 841 2112 fucrit.
859 2039 897 2101 et
914 2030 1118 2099 circumcidi
1136 2026 1296 2108 voluerit,
1314 2027 1482 2097 continuo

436 2147 706 2238 Ppraevaricator
726 2146 814 2240 legis
834 2145 1018 2216 officiatur.
1071 2145 1110 2214 Si
1128 2144 1222 2214 enim
1241 2143 1482 2224 circumcidor,

434 2271 473 2332 et
490 2263 657 2333 mandata
673 2262 761 2356 legis
786 2261 973 2354 adimpleo,
991 2269 1034 2330 ut
1051 2261 1176 2332 salvari
1201 2263 1353 2354 possim;
1380 2262 1483 2331 incir-

434 2379 619 2462 cumcisus,
637 2386 675 2449 et
698 2379 735 2448 in
761 2379 933 2471 praeputio
951 2379 1096 2470 positus,
1116 2377 1229 2447 multo
1247 2379 1358 2471 magis
1384 2401 1482 2448 mun-

433 2494 518 2565 dato
534 2495 745 2574 custodiens,
764 2494 901 2566 habebo
919 2495 1040 2564 vitam.
1076 2493 1140 2563 ³In
1157 2494 1282 2586 spiritu
1302 2495 1398 2565 enim
1415 2496 1481 2565 cir-

433 2613 684 2683 cumcisionem
703 2613 817 2683 cordis
832 2612 964 2704 accepi,
978 2635 1047 2681 non
1060 2613 1138 2704 jam
1155 2613 1296 2684 aliterae
1313 2637 1377 2708 per
1389 2623 1481 2686 atra-

433 2737 607 2812 mentum,
625 2727 662 2799 in
680 2751 750 2821 quo
768 2728 844 2799 laus
867 2751 937 2798 nou
956 2751 1002 2798 ex
1027 2728 1238 2812 hominibus,
1256 2731 1318 2800 sed
1335 2751 1382 2800 ex
1400 2733 1479 2803 Deo

432 2851 497 2912 cst.
551 2843 636 2912 Non
658 2866 742 2937 ergo
763 2845 936 2916 referatur
958 2845 1003 2914 ad
1029 2867 1087 2914 me
1112 2844 1355 2936 hujuscemodi
1381 2850 1479 2920 incu-

431 2959 531 3028 satio.
584 2958 686 3030 Sicut
712 2961 807 3031 enim
830 2959 978 3052 ruliquis
1001 2960 1099 3030 dives
1124 2961 1247 3032 multis
1269 2965 1343 3033 auri
1369 2974 1478 3058 atque

431 3075 567 3167 argenti
591 3074 770 3158 ‘talentis
792 3077 844 3147 ita
864 3086 906 3147 ut
929 3099 1035 3146 omne
1058 3076 1242 3149 domestici
1266 3102 1349 3150 usus
1375 3083 1477 3152 mini-

430 3191 576 3260 sterium
595 3213 640 3261 ex
658 3191 902 3283 hujuscemodi
920 3192 1073 3264 metallis
1090 3192 1219 3264 habeut
1236 3204 1421 3281 structum,
1440 3200 1476 3268 iu

430 3305 529 3377 nullo
556 3305 645 3378 vasis
669 3306 788 3378 fictilis
812 3310 968 3402 speciem
993 3310 1163 3400 requirit;
1189 3312 1250 3382 sed
1277 3335 1349 3382 uon
1372 3337 1477 3407 prop-

470 3465 495 3497 m
509 3455 589 3512 Idem
604 3456 706 3522 codex,
720 3457 819 3524 dicum,
835 3459 1051 3534 experimentum.

470 3562 487 3594 ¹¹
501 3552 582 3610 ldem
596 3553 697 3618 codex,
712 3554 889 3612 circumcisio.

469 3660 485 3692 ⁰
506 3650 611 3708 Melius
625 3651 752 3726 Vulgata
762 3652 847 3725 juxta
859 3653 945 3712 fidem
959 3657 1046 3732 graeci
1060 3667 1165 3726 textus,
1182 3660 1364 3718 Circumcisus
1377 3663 1477 3738 uliquis

426 3755 538 3804 uocatus
550 3749 618 3803 cst?
637 3767 689 3804 mou
702 3749 818 3806 adducat
833 3755 1006 3827 preputium.
1038 3757 1073 3812 Iu
1089 3759 1225 3834 praeputio
1246 3760 1345 3835 aliquis
1364 3769 1476 3818 vocatus

426 3853 477 3908 cut,
499 3863 551 3901 nou
572 3845 790 3904 circumcidatur.
826 3848 1002 3907 circumcisio
1023 3852 1092 3909 nihii
1109 3863 1158 3919 est,
1182 3863 1208 3910 et
1224 3858 1386 3931 preputium
1406 3857 1477 3914 midil

426 3951 485 3998 cst:
506 3943 556 3998 ced
567 3943 718 4000 obseruatio
732 3946 918 4003 mundatorum
932 3947 998 4005 Dei.

466 4041 595 4098 PCodex
610 4041 769 4106 Bobienais,
788 4045 959 4104 Praedicator
979 4047 1054 4122 lepis.
1076 4049 1151 4106 mala
1170 4049 1263 4108 lectio.
1301 4049 1474 4125 (Spiritunlis

426 4136 473 4194 lex
488 4138 549 4194 haec
563 4139 638 4195 inter
652 4139 840 4215 designatur.)

466 4242 480 4282 ‘¹
501 4233 669 4310 Lugendum
689 4236 818 4309 forsitan,
833 4239 923 4306 litera,
937 4249 971 4298 ut
984 4260 1048 4298 cum
1070 4243 1106 4300 D.
1122 4243 1199 4301 Pauli
1221 4244 1285 4302 loco
1302 4247 1331 4301 in
1353 4245 1473 4321 epistola

424 4333 461 4389 ud
476 4333 630 4398 Romanos,
644 4334 680 4389 ad
695 4353 779 4408 quem
793 4336 949 4395 Archelaus
963 4339 1087 4413 respicit,
1104 4342 1267 4399 concordet.

464 4431 570 4488 rMula
585 4431 747 4490 Casinenuis
762 4435 862 4500 codex,
876 4437 955 4493 ulica.

464 4535 477 4566 ⁸
491 4527 651 4593 Bobiensis,
666 4530 777 4586 talentis
790 4531 916 4606 repletus,
931 4535 971 4589 itu
985 4553 1070 4592 omme.

465 4655 473 4676 ¹
490 4665 505 4702 a
521 4650 588 4708 Cor.
604 4649 662 4706 xiii.
679 4669 706 4724 3.
839 4657 848 4681 ¹
867 4671 877 4709 r
897 4652 965 4712 Cor.
981 4654 1027 4711 vii.
1043 4656 1088 4712 18.
1212 4659 1318 4716 ’Rom
1334 4660 1363 4717 ii.
1380 4679 1429 4737 29.
