3817 5692
579 681 822 745 RESPONSA
847 680 914 741 AD
939 678 1203 741 EPlSCOPOS.
1345 676 1410 737 225

362 852 491 923 :candos
518 877 587 924 csse
612 878 634 923 a
660 851 765 934 rabbu,
784 852 844 945 qui
869 851 975 921 amici
1000 847 1162 944 appellati
1186 870 1302 916 araneas
1320 844 1412 915 ⁰Dei

363 966 404 1037 de
421 967 492 1059 syba
509 967 716 1065 dignatione.

413 1082 479 1152 Cui
507 1086 750 1175 respondetur,
777 1082 909 1153 Christi
935 1082 1151 1152 adversarios
1176 1102 1299 1149 omues
1324 1100 1409 1159 esse,

363 1197 490 1288 quibus
520 1198 729 1278 dicentibus,
760 1197 924 1277 Domine,
955 1219 1073 1266 nonne
1107 1197 1143 1264 in
1173 1195 1316 1263 nomine
1347 1203 1562 1262 tuorumve.

362 1313 512 1383 virtutes
536 1313 667 1383 multas
693 1311 865 1382 fecimus?
902 1320 940 1381 et
962 1311 1031 1380 alia
1055 1333 1132 1401 quae
1158 1311 1207 1379 ibi
1233 1289 1508 1388 dicuntur,²²’²³·

362 1428 399 1495 in
423 1427 492 1496 line
518 1428 676 1497 dicturus
704 1437 770 1509 est,
795 1426 881 1495 Non
911 1428 993 1495 novi
1019 1448 1092 1507 vos,
1118 1425 1273 1494 recedite
1303 1447 1324 1493 a
1354 1446 1412 1492 me

363 1564 486 1610 omnes
514 1543 573 1631 qui
605 1542 798 1633 operamini
829 1542 1076 1632 iniquitatem:
1103 1563 1182 1630 quac
1208 1547 1286 1608 tota
1312 1538 1414 1629 palea

364 1657 393 1724 si
421 1656 601 1745 usquead
628 1654 794 1724 ultimum
825 1656 862 1723 in
888 1655 1025 1724 malitia
1052 1653 1303 1745 perseverabit,
1323 1655 1414 1722 ¹sive

364 1768 497 1860 aliquid
538 1770 613 1860 ejus
651 1779 736 1839 ante
769 1768 1038 1839 ventilationem
1072 1768 1164 1837 foras
1200 1766 1305 1848 volet,
1341 1769 1414 1837 sive

365 1886 461 1954 intus
495 1905 571 1953 esse
605 1884 776 1965 videatur,
811 1884 884 1976 igni
920 1883 1097 1953 destinata
1129 1889 1194 1952 est.
1257 1880 1295 1949 Si
1331 1903 1415 1972 ergo

365 2006 552 2090 propterea
581 1998 782 2090 baptizandi
813 2007 896 2068 sunt
925 1999 971 2068 ad
1003 1996 1199 2068 Ecclesiam
1231 1997 1415 2065 venientes

364 2111 530 2194 haeretici,
562 2122 603 2182 nt
633 2114 678 2183 ab
708 2115 830 2184 amicis
859 2112 927 2183 Dei
959 2113 1206 2205 baptizeutnr3
1243 2109 1414 2201 numquid

365 2226 416 2295 illi
447 2230 551 2309 avari,
580 2237 748 2320 raptores,
777 2230 972 2309 homicidae,
1000 2229 1104 2298 amici
1133 2227 1203 2297 Dei
1231 2233 1325 2307 sunt,
1353 2233 1415 2293 aut

366 2360 453 2428 qnos
471 2338 727 2430 baptizaverint
745 2342 862 2410 denno
880 2342 1083 2433 baptizandi
1101 2339 1208 2410 sunt?

417 2452 518 2523 Felix
549 2477 571 2523 a
598 2454 708 2547 Bagai
740 2456 851 2525 dixit:
878 2454 979 2527 Sicut
1004 2479 1113 2525 coectn
1140 2452 1541 2535 coecamduceascsv.19.

1426 2552 1515 2601 Matala
1528 2566 1567 2598 xv.

1427 2631 1465 2677 Ι4·

367 2565 473 2637 simul
487 2568 525 2638 ia
532 2566 674 2662 foueam
693 2567 831 2653 cadunt,
849 2570 900 2639 ita
921 2567 1102 2639 hereticas
1119 2566 1317 2638 hereticum
1335 2565 1416 2659 bup-

368 2683 481 2753 tizcns
497 2681 605 2753 simul
619 2684 657 2753 in
675 2693 815 2753 mortem
833 2682 971 2755 cadant.

419 2796 500 2867 Hoc
519 2821 640 2868 verum
659 2808 723 2880 est,
737 2799 799 2869 sed
818 2822 887 2869 non
906 2808 1093 2891 propterea
1109 2819 1231 2868 verum
1250 2796 1418 2887 estquod

368 2913 551 3005 adjungit:
577 2911 626 2982 Et
652 2911 736 2995 ideo,
759 2913 886 3003 inquit,
904 2911 1085 2982 hereticas
1111 2910 1337 3006 baptizandam
1353 2917 1419 2980 'eat

369 3036 400 3096 et
430 3027 664 3120 oiozficundus,
693 3051 735 3098 ne
761 3052 823 3098 nos
850 3029 921 3100 civi
951 3028 1096 3098 mortuis
1123 3027 1417 3097 communicemus.

371 3141 502 3211 Nonne
527 3144 659 3212 mortui
685 3151 785 3213 erant
811 3145 872 3233 qni
899 3144 1075 3223 dicebant,
1094 3140 1356 3212 Manducemus
1381 3149 1557 3210 etiam.

368 3255 540 3337 bibamus,
559 3280 634 3327 cras
652 3259 747 3327 enim
765 3256 982 3326 moriemur?
1010 3256 1096 3326 Non
1113 3257 1209 3326 enim
1227 3236 1468 3324 credebant³²'

369 3373 661 3442 resurrectionem
679 3381 912 3443 mortuorum.
966 3371 1038 3456 Qui
1065 3395 1149 3466 ergo
1174 3372 1321 3441 istorum
1348 3368 1421 3438 col·

370 3484 496 3577 loquiis
530 3488 632 3560 malis
662 3490 977 3579 corrumpebantur
1006 3495 1044 3557 et
1077 3510 1138 3557 eos
1171 3486 1421 3577 sequebantur,

371 3623 487 3670 nonne
505 3603 637 3693 pariter
660 3626 741 3672 cum
765 3604 816 3672 eis
838 3603 874 3672 in
902 3603 1041 3673 foveam
1068 3600 1266 3672 cadebant?
1311 3597 1359 3668 Et
1385 3599 1422 3666 in

371 3717 421 3785 eis
438 3725 558 3786 tamen
576 3726 677 3787 erant
698 3718 756 3787 isti
781 3718 909 3809 quibus
933 3717 1110 3788 scribebat
1127 3715 1324 3808 Apostolus
1343 3714 1421 3807 jam

371 3831 568 3921 baptizatis,
596 3854 662 3902 nec
689 3842 809 3902 tamen
840 3833 920 3902 ideo
950 3833 979 3902 si
1013 3832 1272 3925 corrigerentur
1305 3829 1422 3897 denuo

371 3947 645 4037 baptizarentur.
696 3944 829 4016 Nonne
857 3948 953 4015 idem
980 3945 1173 4038 Apostolus
1198 3945 1260 4028 ait,
1289 3942 1423 4033 Sapere
1432 3953 1586 4006 scavino.

373 4062 567 4131 secundum
590 4083 731 4130 carnem
758 4083 851 4131 mors
877 4061 957 4131 est?
1001 4059 1050 4130 Et
1076 4062 1200 4151 utique
1226 4058 1423 4131 secundum

414 4238 508 4295 ⁰Vox
535 4239 592 4294 Dei
615 4239 696 4295 abest
723 4238 758 4294 ab
785 4239 851 4293 Am.
875 4237 924 4293 Er.
949 4245 978 4293 et
1001 4235 1092 4293 MSS.
1137 4236 1198 4307 (Sic
1225 4255 1242 4292 a
1269 4234 1350 4299 meis,
1371 4233 1424 4290 sed

374 4335 533 4410 Cyprianus
547 4354 609 4392 eam
625 4337 765 4409 praestat.)

416 4486 423 4509 ¹
442 4478 505 4551 [Sic
525 4478 593 4537 MS.
612 4480 688 4554 prior
713 4499 803 4538 meus.
846 4480 954 4555 Vulgo,
977 4480 1035 4536 aive
1058 4487 1121 4535 ante
1144 4477 1343 4534 ventilationem
1363 4477 1424 4549 q'ar

374 4574 414 4630 ali
449 4575 484 4630 id.

404 4576 548 4743 ’qladlidi
563 4680 603 4727 est
617 4689 653 4728 ex
667 4669 734 4728 MS.
750 4679 869 4745 utroque
883 4688 948 4726 meo
963 4669 1115 4745 Augustini
1128 4678 1157 4725 et
1171 4687 1205 4726 ex
1220 4648 1386 4745 Cypriane]

376 4783 444 4827 VOL.
456 4784 484 4827 V.
916 4785 972 4850 0ss
