3817 5692
749 1750 779 1820 Τ
793 1750 822 1822 Ε
834 1750 861 1823 S
871 1750 901 1823 'l'
913 1750 932 1822 Ι
944 1750 1033 1824 ΜΟ
1046 1751 1084 1823 Ν
1096 1752 1115 1824 Ι
1127 1753 1163 1823 Α

452 1963 531 2045 DE
572 1964 998 2050 AUCTORITATE
1039 1969 1077 2049 S.
1106 1965 1461 2052 SCRIPTURAE

640 2217 1271 2316 ANTE-NICAENA.

844 2475 1062 2510 --§-——

804 2671 1106 2735 MONITUM.

481 2805 618 2878 Posurr
642 2806 792 2879 ecclesia
818 2817 932 2891 retus,
953 2811 983 2881 si
1010 2810 1153 2902 nuperis
1180 2810 1391 2901 quibusdam
1418 2833 1481 2881 no-

429 2924 510 2993 stris
534 2923 770 3015 scriptoribus,
794 2924 881 2995 alios
904 2933 1047 2995 exteros
1074 2925 1215 3007 secutis,
1239 2926 1361 3008 credis,
1385 2926 1480 2997 haud

429 3040 548 3109 nixam
574 3061 650 3110 esse
667 3038 703 3108 S.
723 3037 905 3132 Scriptura
926 3040 1035 3110 fidem
1053 3037 1309 3123 Christianam
1334 3063 1401 3111 nec
1424 3064 1480 3112 re-

428 3154 551 3247 gulam
584 3153 666 3224 fidei
702 3155 954 3226 existimandae
990 3154 1199 3248 Scripturas.
1251 3154 1370 3237 Quam
1403 3178 1479 3225 rem

429 3269 535 3363 longe
552 3268 656 3340 aliter
679 3292 717 3340 se
736 3270 876 3353 habers,
895 3270 999 3342 facile
1025 3270 1092 3341 erit
1118 3292 1164 3340 ex
1190 3270 1350 3361 ejusdem
1367 3271 1481 3341 eccle-

427 3385 486 3455 siae
507 3386 734 3457 monimentis
758 3386 957 3457 ostendere.
1007 3385 1089 3468 Quo
1106 3385 1233 3457 clarius
1255 3408 1338 3480 ergo
1356 3385 1480 3456 confu-

428 3509 526 3572 tetur
546 3501 651 3595 pleua
671 3502 818 3594 periculi
841 3502 1028 3584 sententia,
1047 3523 1092 3571 en
1116 3501 1182 3572 tibi
1199 3500 1417 3572 Testimonia
1434 3501 1479 3572 de

428 3620 640 3689 auctoritate
658 3616 695 3689 S.
715 3617 915 3713 Scriptura,
933 3641 1013 3710 quse
1034 3617 1151 3688 adhuc
1171 3619 1208 3687 in
1230 3616 1329 3689 libris
1349 3617 1479 3710 primo-

427 3756 505 3803 rum
524 3733 803 3805 Christiauorum
821 3734 1030 3805 exsistentia
1051 3732 1157 3827 longo
1179 3734 1302 3804 ordina
1325 3732 1382 3804 hic
1399 3756 1479 3827 pro·

427 3843 569 3914 cedunt.

874 4030 1025 4048 ᾔ

477 4226 622 4299 Pumus
635 4228 794 4297 omnium
808 4226 846 4299 S.
858 4227 1005 4300 Psraus
1021 4227 1201 4320 apostolus
1219 4228 1290 4299 fine
1308 4226 1476 4321 Epistola

427 4340 635 4414 Posterioris
653 4343 795 4414 scribit:

476 4457 545 4527 Καὶ
580 4458 641 4539 τὴν
674 4463 735 4529 τοῦ
770 4458 895 4555 Κυρίου
929 4462 1015 4541 ἡμῶν
1047 4458 1281 4552 μακροθυμίαν,
1309 4456 1476 4551 σωτηρίαν

426 4575 569 4664 ἡγεῖσθε·
595 4573 698 4650 καθὼς
725 4574 777 4644 καὶ
805 4575 823 4643 ὁ
851 4570 1027 4665 ἀγαπητὸς
1055 4576 1139 4656 ἡμῶν
1167 4568 1314 4668 ἁδελφὸς
1339 4569 1475 4646 Παῦλος

469 4708 539 4749 ror„
557 4708 586 4748 v.
935 4708 956 4748 x
973 4708 991 4747 x
