3817 5692
532 724 577 783 8)
758 720 1013 782 Alienum
1045 720 1109 782 m
1142 719 1362 781 nrfflms

533 883 602 952 boc
624 884 817 952 abimus
838 905 878 950 es
902 906 963 952 me
987 883 1243 952 sffirmurum
1268 884 1357 951 dun
1381 906 1457 952 cn
1478 899 1581 953 nctu-

533 1020 598 1067 m.
649 995 864 1090 llugentem
897 999 1095 1067 doeuimn
1124 999 1241 1067 bern
1278 998 1384 1078 nien
1414 1013 1579 1067 neutrum

532 1116 628 1182 enim
651 1136 883 1203 eorumque
906 1116 1142 1192 asserium.
1195 1113 1320 1181 Potest
1345 1116 1440 1182 enim
1468 1116 1579 1204 isqui

532 1251 603 1296 non
634 1241 772 1306 natura,
801 1228 863 1295 sed
899 1230 1080 1318 proposito
1107 1228 1328 1296 advenerim
1355 1243 1421 1306 est,
1447 1229 1581 1295 amicus

532 1341 693 1420 effectus,
723 1364 793 1410 non
821 1363 899 1410 eme
922 1341 1153 1422 aurantius,
1181 1344 1300 1411 ctaeits
1327 1364 1411 1410 cum
1439 1341 1580 1410 altere

533 1457 635 1525 nobis
658 1456 761 1524 alteri
786 1459 1014 1547 aquieverit,
1038 1480 1150 1525 unum
1177 1473 1287 1547 atque
1312 1458 1407 1525 idern
1429 1469 1580 1545 uterque

531 1571 737 1663 apparebit3
761 1594 841 1661 qnae
865 1594 972 1641 cuna
998 1573 1129 1640 indicat
1151 1587 1331 1640 acetum
1355 1568 1580 1638 rationabiles

532 1686 645 1756 libero
660 1686 806 1755 arbitrio
830 1709 907 1755 eme
932 1689 1127 1777 permins
1151 1687 1246 1755 unde
1270 1698 1308 1756 et
1334 1685 1580 1753 conversiones

532 1802 717 1891 recipiunt,
742 1815 780 1868 et
809 1796 919 1869 *ideo
944 1802 1111 1891 ingenitae
1137 1815 1276 1871 naturae
1302 1823 1380 1869 esse
1404 1822 1476 1867 non
1502 1822 1581 1890 pos·

532 1929 626 1984 sunt.
677 1914 774 1995 Quid
796 1938 882 2006 ergo
897 1913 973 1982 nis?
999 1916 1078 1983 dnae
1102 1919 1182 1984 istae
1206 1927 1344 1984 nstnrae
1370 1917 1581 1984 inconverti-

533 2029 622 2097 biles
645 2045 741 2110 sunt,
756 2052 803 2096 an
828 2029 1088 2107 convertibiles,
1107 2043 1171 2098 sut
1195 2052 1266 2098 um
1288 2053 1411 2099 corum
1436 2052 1581 2098 conver-

532 2143 644 2213 titur?
671 2144 722 2212 At
740 2166 823 2211 vero
842 2143 969 2211 Manes
987 2155 1184 2212 remoratus
1200 2157 1254 2213 est
1272 2168 1344 2213 non
1368 2142 1581 2214 inveniendo

531 2280 759 2349 responsum
784 2258 992 2325 intuebatur
1014 2259 1110 2326 enim
1127 2260 1222 2349 qnod
1248 2282 1295 2328 ex
1323 2273 1473 2351 utroque
1498 2280 1582 2327 con·

532 2371 736 2440 cluderetur
765 2383 981 2452 retractans3
1005 2373 1090 2463 quis
1118 2375 1147 2441 si
1175 2374 1291 2442 dicam
1321 2373 1479 2442 converti
1509 2394 1580 2450 eas,

531 2487 759 2578 respondebit
784 2486 871 2555 mihi
897 2487 998 2566 illud,
1019 2489 1115 2578 quod
1140 2489 1177 2556 in
1203 2489 1388 2582 evaugelio
1411 2489 1581 2579 scriptum

532 2616 588 2673 est
604 2606 650 2673 de
666 2604 869 2686 arboribus3
895 2605 991 2695 quod
1016 2605 1046 2673 si
1072 2626 1200 2696 negem
1223 2628 1300 2674 esse
1321 2601 1580 2681 convertibiles,

533 2722 777 2811 permixtionis
801 2732 946 2799 statum,
963 2730 1002 2788 et
1025 2741 1166 2789 ctusnm
1193 2719 1389 2788 neeemsrio
1406 2713 1579 2807 'expetet

533 2834 676 2905 Interes
699 2836 888 2926 aliquando
914 2836 1094 2927 respondit
1127 2834 1266 2915 Manes,
1296 2831 1581 2902 inconvertibiles

532 2953 678 3042 quidem
711 2961 796 3020 sunt
824 2962 993 3041 utreque,
1020 2962 1194 3040 qnantum
1222 2946 1388 3041 kspectet
1422 2950 1467 3018 sd
1497 2970 1580 3017 con·

533 3068 648 3144 traria,
673 3066 922 3135 convertibiles
948 3089 1042 3146 vero,
1065 3065 1162 3156 qnod
1191 3076 1329 3156 spectet
1356 3065 1401 3133 sd
1431 3064 1578 3154 propris

533 3179 763 3251 Anenmncs
784 3202 900 3262 n1x1r,
917 3181 1060 3251 Videris
1076 3181 1164 3249 mihi
1186 3180 1318 3250 delirus
1333 3202 1421 3259 esse,
1439 3189 1476 3246 et
1493 3176 1581 3246 obli-

533 3297 669 3367 viscens
694 3298 976 3388 propositionum
1002 3308 1165 3376 tusrnm3
1194 3295 1256 3365 sed
1281 3318 1328 3363 ne
1353 3316 1473 3362 eornm
1501 3293 1581 3382 qui-

532 3412 626 3494 dem,
644 3434 722 3501 quae
739 3405 926 3492 ldidicisti,
940 3411 1128 3480 verborum
1146 3412 1305 3489 virtutes,
1320 3408 1376 3478 vel
1390 3408 1580 3499 qualitates

531 3548 731 3617 agnoscere.
782 3525 913 3616 Neque
930 3527 1026 3595 enim
1043 3528 1226 3596 conversio
1242 3526 1328 3615 qnid
1346 3527 1392 3593 sit
1409 3525 1579 3616 agnoscis,

532 3663 648 3730 neque
677 3641 763 3731 quid
790 3642 838 3710 sit
866 3644 1077 3733 ingenitum,
1107 3651 1170 3710 sut
1199 3640 1284 3732 quid
1316 3638 1478 3717 dualitas,
1509 3661 1579 3707 non

532 3756 616 3845 quid
644 3758 873 3846 preteritum,
892 3756 947 3825 vel
970 3757 1055 3846 quid
1081 3778 1243 3847 praesens,
1265 3741 1396 3845 quidve
1419 3754 1579 3822 futurum

532 3871 587 3950 sit,
605 3871 696 3940 sicut
718 3893 763 3939 ex
790 3871 855 3951 bis,
873 3894 951 3961 quae
975 3893 996 3940 s
1017 3885 1054 3940 te
1077 3894 1172 3940 nunc
1198 3872 1294 3940 diets
1320 3880 1414 3949 sunt,
1432 3869 1577 3937 adverti.

573 4028 590 4071 h
605 4031 698 4095 Forte.
710 4042 737 4088 et
751 4034 810 4089 ideo
824 4037 883 4091 duc
896 4036 1020 4108 inposite
1034 4044 1138 4091 Μῖνα
1152 4054 1211 4089 esse
1224 4053 1275 4089 non
1284 4041 1408 4108 ροεειηε.
1433 4032 1578 4104 [Fortasse

533 4126 570 4180 nil
587 4129 775 4201 mutandum]

575 4220 583 4262 l
605 4222 637 4278 ln
653 4226 749 4281 codice
765 4226 913 4282 Casinensi
928 4236 999 4289 erut,
1014 4231 1122 4301 expetit.

575 4317 590 4360 l
614 4319 647 4375 ln
669 4322 768 4377 eodem
790 4324 887 4379 codice
909 4334 968 4379 tsm
991 4324 1020 4379 in
1041 4324 1097 4380 hoc
1119 4332 1269 4386 commate,
1290 4340 1373 4395 quam
1391 4320 1420 4375 in
1440 4318 1578 4392 sequenti,

533 4431 679 4486 perperam
694 4415 798 4489 legitur
812 4426 943 4491 expectat.

574 4506 689 4572 ¹F0rte‚
704 4511 808 4566 dixisti.

902 4617 908 4638 ¹
927 4608 1006 4680 [For.
1022 4610 1213 4681 inscientem]
