3817 5692
523 695 587 760 178
754 688 1007 753 ARCHELAI
1033 689 1097 750 ET
1123 685 1342 750 MANETIS

524 873 600 935 erat
625 863 765 933 Joanne
791 866 827 933 in
854 885 963 956 regno
990 862 1178 931 caelorum?
1202 860 1321 939 ‘Dico
1346 859 1448 927 absit.
1502 856 1570 927 Dic

523 1004 607 1073 ergo
629 980 665 1047 in
687 1001 769 1071 qu0‚
787 989 828 1047 ut
852 978 907 1047 vel
935 986 972 1047 te
998 979 1112 1068 ipsum
1139 998 1301 1069 superare
1325 973 1457 1066 possis?
1484 972 1571 1043 Sine

523 1094 631 1163 dubio
659 1094 773 1161 minor
800 1101 876 1163 erat
901 1090 1042 1161 Jounne
1067 1090 1172 1161 Jesus
1198 1092 1291 1161 inter
1317 1100 1419 1160 notos
1445 1088 1572 1158 mulie-

522 1232 622 1291 rum;
648 1210 684 1277 in
709 1231 816 1301 regno
833 1217 953 1279 autem
973 1207 1138 1277 coelorum
1155 1209 1269 1299 major
1285 1205 1346 1275 illo
1364 1214 1450 1275 erat.
1503 1202 1571 1272 Dic

524 1323 612 1392 mihi
637 1322 725 1392 illud
752 1323 910 1401 etiomo
936 1319 1150 1402 Manichaee,
1169 1322 1197 1391 si
1224 1323 1274 1390 ais
1291 1319 1473 1391 Christum
1501 1341 1571 1387 non

524 1460 599 1508 esse
617 1459 662 1505 ex
682 1434 799 1506 Maria
815 1449 949 1517 natum,
972 1434 1033 1505 sed
1059 1437 1259 1526 apparuisse
1278 1435 1421 1526 quidem
1446 1444 1487 1502 ut
1510 1432 1573 1501 ho-

523 1553 666 1634 minem,
681 1573 760 1620 cum
781 1551 887 1620 homo
901 1573 972 1619 non
986 1558 1088 1631 esset,
1101 1559 1290 1641 praestante
1309 1550 1375 1619 hoo
1388 1558 1426 1619 et
1443 1557 1572 1642 ugente

523 1670 665 1749 virtute,
683 1691 759 1760 quae
775 1669 812 1736 in
830 1668 905 1758 ipso
923 1676 999 1747 est;
1023 1666 1080 1735 dic
1097 1666 1195 1745 mihi,
1213 1689 1319 1758 super
1337 1688 1443 1758 quem
1462 1664 1572 1756 Spiri-

523 1795 580 1854 tus
598 1793 739 1854 snnctus
757 1784 849 1853 sicut
866 1782 1032 1853 columba
1049 1782 1256 1853 descendit?
1282 1782 1372 1866 Quis
1384 1790 1438 1851 est
1453 1782 1571 1859 etiam,

524 1900 584 1991 qui
601 1900 802 1991 baptizatur
814 1922 836 1968 a
848 1897 1012 1968 Joannel
1037 1897 1094 1967 ¹Si
1113 1898 1291 1989 perfectus
1309 1908 1396 1981 erat,
1415 1897 1442 1966 si
1462 1895 1573 1965 Filius

524 2022 609 2096 erat,
627 2015 654 2083 si
673 2015 783 2082 virtus
801 2021 885 2093 erat,
905 2035 975 2081 non
993 2022 1134 2103 poterat
1148 2012 1302 2104 Spiritus
1319 2012 1466 2104 ingredi,
1480 2011 1573 2079 sicut

523 2151 589 2198 nec
607 2151 755 2221 regnum
774 2135 891 2218 potest
909 2126 1046 2219 ingredi
1063 2128 1157 2197 intra
1174 2151 1333 2221 regnum.
1385 2126 1495 2219 Cujus
1512 2149 1573 2195 au-

525 2251 598 2310 tem
625 2243 657 2310 ei
684 2240 822 2311 coelitus
845 2242 973 2310 emissa
996 2264 1066 2310 vox
1094 2243 1338 2311 testimonium
1366 2240 1494 2310 detulit
1520 2240 1573 2309 di-

525 2376 628 2425 cens:
656 2351 748 2423 'Hic
771 2362 820 2423 est
833 2350 936 2445 filius
960 2377 1054 2423 mous
1075 2353 1227 2435 dilectus,
1246 2355 1364 2447 inquo
1381 2353 1461 2423 bene
1483 2376 1573 2423 conr-

520 2466 678 2562 plucui?
703 2466 773 2537 Dic
800 2490 878 2560 age,
906 2468 994 2537 nihil
1022 2471 1214 2551 remoreris,
1241 2470 1318 2561 quis
1338 2468 1399 2538 ille
1422 2479 1488 2550 est,
1512 2468 1572 2559 qui

525 2593 626 2676 parat
642 2584 716 2654 haeo
734 2584 862 2664 omnia,
876 2585 936 2674 qui
954 2584 1029 2675 agit
1048 2585 1237 2654 universo?
1265 2584 1464 2676 Responde,
1478 2584 1574 2652 itane

526 2698 781 2791 blasphemiam
805 2721 867 2789 pro
888 2700 1025 2769 ratione
1048 2700 1274 2790 impudenter
1298 2698 1441 2791 allegas,
1459 2708 1495 2767 et
1521 2699 1574 2766 in-

526 2815 618 2884 ferre
634 2813 823 2884 uoonuris?

577 2927 619 2997 L.
648 2926 785 2997 Munus
819 2947 934 3009 mxu,
964 2926 1084 2998 Nemo
1111 2928 1268 3019 quidem,
1295 2929 1355 3019 qui
1385 2928 1571 2997 adversum

567 3146 577 3183 ῑ
599 3142 672 3199 Haec
692 3142 787 3205 verbu,
806 3143 867 3199 dico
883 3144 966 3207 abrit,
980 3143 1034 3199 nisi
1056 3144 1190 3201 mendum
1211 3145 1249 3200 sit
1265 3144 1294 3200 in
1313 3144 1420 3209 codice,
1442 3144 1574 3201 videntur

526 3247 660 3312 tauquam
674 3257 710 3295 ex
721 3237 848 3295 Manetis
863 3258 986 3314 persona
999 3240 1035 3297 ub
1049 3241 1191 3298 Archelao
1205 3242 1323 3315 prolata.
1360 3241 1574 3315 (Distinguebat

526 3334 682 3391 Archelaus
702 3343 768 3409 post
780 3336 869 3391 nrinor
882 3345 923 3393 est
941 3336 1016 3410 apud
1035 3336 1248 3410 evangelistam,
1260 3343 1394 3409 tunquam
1416 3337 1440 3394 si
1456 3338 1492 3393 de
1504 3337 1576 3393 lesu

530 3429 638 3486 dictum
652 3430 708 3487 hoc
719 3432 828 3503 fuerit.)

568 3533 584 3563 ¹¹
598 3523 678 3581 Male
692 3525 720 3581 in
735 3526 833 3582 codice
847 3525 1007 3591 cosinensi,
1022 3526 1135 3582 coneris.

568 3691 575 3714 ¹
600 3685 732 3759 [Vereor.
748 3695 779 3744 ut
793 3688 959 3763 mysterium
974 3687 1083 3745 Divinae
1098 3689 1303 3746 incarnationis
1317 3688 1387 3746 sutis
1400 3697 1477 3746 recte
1488 3708 1575 3763 expo-

528 3781 616 3840 suerit
635 3782 801 3849 Archelaus,
825 3803 888 3840 cum
908 3783 1055 3851 hocloco,
1076 3793 1138 3841 tum
1160 3786 1190 3842 in
1210 3786 1410 3861 sequentibus;
1433 3786 1488 3841 etsi
1510 3785 1576 3841 alibi

527 3879 664 3946 docuerit,
679 3879 821 3937 Divinitas
840 3890 1009 3956 conceptum
1023 3881 1110 3939 fuisse
1124 3882 1282 3939 Dominum
1295 3883 1405 3947 lesum,
1420 3891 1450 3938 et
1467 3884 1496 3938 in
1512 3901 1575 3957 cup.

528 3993 577 4049 34.
590 3975 713 4033 Mariam
725 3975 866 4052 virginem
877 3978 934 4035 Dei
941 3980 1100 4054 qenins-icem
1110 3982 1239 4035 θεοτόκον
1247 3980 1439 4054 appellaverit,
1463 3979 1575 4036 Etenim

527 4091 591 4128 cum
605 4072 704 4128 Verbo
718 4073 780 4138 Dei,
797 4073 872 4146 quod
886 4075 1000 4148 quidem
1015 4095 1103 4150 usque
1122 4076 1158 4132 ab
1172 4076 1233 4150 ipsu
1246 4077 1377 4150 Virginis
1390 4077 1576 4149 conceptione

528 4177 636 4224 nuturoe
655 4167 786 4224 humonae
810 4170 921 4227 unitum
940 4172 1042 4237 fuerat,
1065 4171 1188 4246 Spiritus
1211 4171 1333 4228 Sanctus
1354 4182 1483 4246 tempore
1505 4173 1574 4246 bap·

527 4264 603 4320 tismi
618 4263 778 4320 servatoris
789 4265 864 4321 haud
879 4269 1103 4325 communicatus
1118 4276 1170 4333 est,
1186 4267 1237 4324 ned
1249 4269 1414 4340 ἀνθρωπίνως
1431 4278 1460 4324 ct
1477 4272 1574 4324 οἰκονο-

526 4368 613 4430 μικῶς,
629 4360 831 4434 hominumque
846 4365 938 4437 gratia
952 4385 969 4421 o
983 4365 1100 4422 Christo
1114 4374 1254 4439 receptus.
1288 4365 1375 4420 Cous.
1392 4365 1423 4421 S.
1437 4366 1575 4439 Cyrillum

527 4457 612 4512 Alex.
628 4458 672 4512 De
686 4457 772 4512 Recta
788 4458 861 4515 Fide.
879 4478 926 4533 34.
941 4470 1011 4518 tom.
1025 4481 1049 4516 v.
1066 4468 1105 4534 pt.
1118 4460 1145 4516 ii.
1161 4480 1188 4533 p.
1204 4472 1268 4533 155.
1281 4460 1348 4516 edit.
1365 4461 1506 4533 liuberti]

568 4557 576 4580 ³
595 4553 667 4608 lint.
685 4553 722 4609 iii.
740 4569 783 4626 17.
