3817 5692
771 698 1081 763 DISPUTATIO.
1388 695 1451 759 155

405 879 502 942 terea
526 871 641 966 ‘figuli
668 893 767 964 opus,
792 883 855 942 aut
880 895 936 942 ars
962 871 1125 942 fictilium
1153 892 1314 940 vasorum
1342 869 1387 940 ab
1408 891 1450 940 eo

404 987 613 1058 detestanda
629 996 706 1072 cst3
733 988 785 1056 ita
801 987 910 1058 etiam
934 1010 1001 1080 ego
1019 986 1132 1080 gratia
1149 982 1217 1054 Dei
1235 985 1355 1055 udives
1381 985 1451 1056 fac-

404 1113 472 1185 tus,
490 1112 528 1174 et
544 1103 658 1174 cordis
675 1102 977 1175 circumcisionem
992 1110 1213 1185 consecutus,
1228 1124 1450 1194 nequaquam

403 1217 582 1290 vilissimae
611 1217 706 1288 illius
740 1217 1014 1287 circumcisionis
1048 1216 1199 1309 indigeo,
1230 1239 1297 1286 nec
1330 1226 1450 1288 tamen

401 1333 532 1403 malum
550 1355 626 1404 esse
643 1334 733 1404 dico.
776 1331 894 1402 Absit.
938 1330 1043 1414 Quod
1067 1333 1094 1401 si
1113 1330 1317 1424 diligentius
1334 1332 1379 1402 de
1397 1331 1451 1402 his

403 1449 555 1520 voluerit
588 1448 715 1541 aliquis
746 1449 895 1530 edoceri,
923 1448 1081 1518 inveniet
1111 1446 1189 1518 haec
1217 1449 1253 1517 in
1282 1447 1452 1540 ¹epistola

401 1565 515 1657 prima
532 1563 697 1657 Apostoli
714 1562 937 1655 lplenissime
954 1571 1116 1634 tractata.

452 1681 598 1752 XLIII.
624 1680 682 1750 De
708 1679 910 1750 velamento
938 1703 1022 1750 vero
1053 1678 1184 1773 Moysi,
1207 1688 1245 1749 et
1273 1679 1318 1750 de
1347 1681 1451 1750 mini-

402 1799 509 1868 sterio
527 1798 661 1878 mortis,
679 1797 794 1866 dicam
812 1818 974 1866 sermone
991 1796 1208 1866 brevissimo.
1252 1795 1288 1866 N
1290 1819 1335 1865 on
1353 1797 1449 1866 enim

402 1912 505 1982 valde
531 1910 618 1981 mihi
650 1910 725 1983 haec
760 1912 937 1982 insinuare
966 1911 1099 2002 aliquid
1133 1911 1298 1981 adversus
1331 1911 1448 2006 legem

401 2028 578 2098 videntur.
630 2027 693 2097 Ait
728 2050 812 2120 ergo
846 2049 962 2099 sermo
996 2036 1010 2070 ¹
1016 2026 1225 2119 propositus,
1259 2023 1380 2114 'Quod
1416 2025 1450 2096 si

400 2143 631 2214 ministerium
657 2143 779 2214 mortis
801 2143 841 2212 in
864 2140 1191 2238 dimisso-marum
1209 2141 1247 2212 in
1264 2139 1448 2235 lapidibus,

389 2257 602 2355 factumest
629 2259 668 2329 io
689 2257 816 2356 plocio,
843 2259 894 2329 ita
918 2267 956 2329 ct
983 2280 1053 2328 non
1074 2265 1214 2351 possent
1227 2255 1306 2351 filii
1333 2255 1453 2330 Israi'l

401 2375 575 2446 intendere
592 2373 771 2471 infaciem
786 2372 909 2468 Moysi
919 2382 1065 2468 propter
1073 2371 1223 2470 ploriom
1236 2371 1348 2444 niellus
1365 2373 1447 2468 qius,

400 2515 479 2587 quc
502 2489 677 2570 ubolctzrr;
703 2500 741 2562 et
766 2489 912 2582 reliqua,
930 2498 1051 2561 tamen
1076 2490 1224 2582 gloriam
1241 2512 1318 2560 esse
1341 2491 1449 2561 confi-

401 2617 497 2679 tetur
514 2608 551 2678 iu
569 2608 672 2678 vultu
689 2607 819 2700 Moysi,
837 2606 932 2698 quod
949 2616 1005 2676 est
1022 2605 1176 2676 amicum
1194 2606 1305 2676 nobis.
1341 2606 1446 2691 Quod

399 2724 429 2794 si
452 2723 655 2806 destruitur,
672 2730 710 2792 et
727 2721 888 2792 velamen
905 2719 1040 2791 ⁸habet
1066 2719 1172 2790 lectio
1197 2721 1282 2812 ejus,
1299 2721 1368 2792 hoc
1389 2745 1447 2796 me

399 2861 470 2908 non
500 2838 702 2920 exacerbat,
735 2858 851 2928 neque
881 2835 1079 2917 conturbat,
1108 2837 1136 2907 si
1167 2845 1307 2906 tantum
1341 2837 1378 2906 in
1404 2858 1446 2906 eo

440 3060 453 3103 t
476 3061 577 3120 Codex
599 3061 719 3118 Bobien.
735 3060 820 3136 fipaii
840 3078 905 3135 opus
921 3057 1026 3133 aspar,
1045 3066 1092 3115 aut
1107 3059 1248 3133 fictilium.
1283 3059 1447 3118 casinensis

399 3159 569 3235 vero,fipu1i
586 3177 653 3235 opus
666 3166 691 3215 et
709 3175 757 3214 ars
773 3164 822 3214 cut
837 3155 986 3231 fictilium
1008 3156 1059 3213 sed
1072 3156 1184 3213 videtur
1192 3157 1354 3232 legendum,
1362 3156 1448 3234 fipeli

399 3273 474 3330 opus,
488 3263 536 3312 aut
549 3274 598 3311 crs
605 3254 744 3329 fictilium,
759 3253 801 3311 uti
815 3253 922 3310 editum
936 3260 989 3310 est.

439 3360 457 3391 ¹¹
471 3350 570 3408 Codex
584 3351 705 3408 Bcbien.
718 3352 794 3408 dives
802 3349 903 3424 factus
912 3368 981 3414 sum,
996 3357 1023 3405 et
1037 3349 1128 3405 cordis
1141 3349 1369 3407 circumcisionem
1382 3369 1445 3408 coe·

397 3455 513 3512 secutus,
527 3466 700 3524 nequaquam.
733 3450 774 3505 At
788 3447 961 3513 Casinensis,
976 3443 1163 3518 divesfcctas,
1178 3453 1205 3502 et
1218 3447 1445 3505 circumcisionem

398 3554 626 3611 consentirem
645 3564 801 3622 quenquam.
843 3545 908 3600 Nos
923 3541 1119 3612 casinensem,
1134 3561 1168 3600 ex
1186 3543 1321 3602 Bcbiensi
1342 3546 1444 3622 partim

398 3642 599 3718 supplevimus,
614 3642 718 3717 partim
731 3641 953 3699 emendavimus.

438 3747 454 3780 ¹
469 3738 628 3815 Epistolam
645 3739 765 3814 primam
779 3737 914 3813 intelligit
927 3736 1076 3812 epistolam
1090 3737 1125 3794 ad
1141 3738 1296 3806 Romanos,
1311 3758 1395 3816 quam
1410 3739 1445 3796 ab

398 3835 600 3910 antiquissimis
622 3835 757 3894 Ecclesioe
778 3835 954 3910 temporibus
977 3833 1100 3908 primum
1125 3835 1199 3893 inter
1217 3836 1296 3894 Pauli
1312 3837 1446 3911 epistolas

397 3931 491 3988 locum
504 3930 647 3999 habuisse,
663 3932 756 3990 velex
770 3932 826 3988 hoc
840 3928 973 3988 Archelai
986 3931 1050 3987 loco
1064 3939 1191 4006 apparet.
1231 3933 1304 3990 Vide
1320 3935 1443 4011 Epipha-

398 4028 476 4085 nium
491 4029 520 4085 in
535 4029 647 4087 Haeresi
659 4047 708 4101 42.
728 4030 778 4086 ubi
794 4029 905 4086 crimini
919 4027 1005 4085 vertit
1026 4029 1176 4096 Marcioni,
1191 4032 1267 4105 quod
1288 4033 1444 4107 Epistolam

397 4124 433 4180 ad
448 4125 593 4183 Romanos
606 4135 706 4202 quarto
719 4127 783 4183 loco
793 4127 869 4183 inter
878 4126 915 4182 D.
925 4125 1005 4181 Pauli
1016 4125 1149 4200 epistolas
1160 4128 1348 4187 collocaverit.
1371 4129 1445 4192 Vide

397 4222 482 4280 etiam
497 4243 583 4299 supra
597 4243 658 4300 cap.
668 4241 717 4296 34.

438 4327 451 4366 Υ
465 4317 545 4376 Male
558 4320 622 4376 cod.
638 4319 757 4376 Bcbien.
766 4318 925 4394 plenissime
932 4332 1118 4398 pertractans.

438 4421 452 4454 ¹
466 4414 545 4472 Male
558 4415 622 4474 cod.
634 4414 792 4480 Bcbiensis,
802 4417 988 4493 propheticus.
1025 4420 1063 4477 Et
1077 4439 1154 4485 mox,
1171 4419 1260 4476 literis
1264 4419 1417 4495 firmatam.

438 4519 453 4551 Ι
468 4510 615 4569 Bcbiensis
629 4513 730 4580 codex,
745 4513 770 4570 si
784 4513 872 4571 dubet.

806 4634 813 4658 ¹
831 4645 846 4682 2
863 4626 930 4684 Cor.
944 4627 985 4685 iii.
1005 4643 1029 4704 7.

887 4745 909 4786 x
926 4739 943 4788 2
