3817 5692
592 693 835 756 RESPONSA
858 692 925 754 AD
949 691 1213 755 EPISCOPOS.
1359 692 1420 753 aar

427 863 557 956 Neque
579 863 648 934 hoc
669 863 747 933 loco
770 863 839 934 dici
856 872 1007 956 tpotest,
1027 863 1117 946 Quis
1133 865 1229 933 enim
1247 864 1332 934 facit
1349 886 1424 934 orn·

376 982 435 1052 nia
453 980 558 1050 verba
581 977 739 1061 Domini,
758 1003 834 1071 quae
860 981 896 1048 in
919 981 995 1071 ipso
1022 977 1237 1072 Evangelico
1264 1002 1425 1049 sermone

377 1095 573 1185 conscripta
589 1102 682 1175 sunt,
700 1116 806 1184 quem
824 1093 1038 1164 concludens
1054 1095 1115 1177 ait,
1133 1094 1304 1165 adificare
1321 1116 1426 1187 super

376 1220 513 1304 petram
532 1210 592 1301 qui
610 1210 735 1279 eadem
753 1209 861 1279 verba
882 1210 1046 1279 audirent
1063 1218 1102 1279 et
1118 1210 1295 1294 facerent3
1322 1232 1427 1301 super

376 1347 515 1395 arenam
543 1333 665 1392 autam
692 1324 752 1414 qui
778 1322 941 1392 audirent
964 1331 1001 1391 et
1023 1344 1094 1392 non
1113 1323 1293 1394 facerent?
1333 1322 1427 1405 Quia

376 1449 413 1509 et
440 1440 468 1508 si
495 1462 517 1508 a
542 1437 753 1529 quibusdam
774 1460 846 1506 non
873 1436 1067 1527 implentur
1088 1439 1216 1520 omnia,
1239 1440 1275 1507 in
1299 1436 1423 1507 eodem

377 1562 498 1622 tamen
521 1574 683 1621 sermone
705 1552 824 1643 posuit
840 1552 1064 1631 medicinam,
1083 1551 1213 1635 dicens,
1232 1551 1549 1633 Dimittite,11uoevt

378 1674 415 1735 et
433 1666 635 1736 dimittetur
652 1666 760 1736 vobis.
813 1664 862 1735 Et
884 1676 966 1757 post
988 1668 1181 1735 orationem
1200 1644 1474 1736 Dominicam³⁷'

379 1779 563 1849 incudem
589 1781 665 1871 ipso
688 1802 849 1849 sermone
871 1789 1184 1850 commemoratam
1209 1787 1319 1870 atque
1345 1802 1427 1849 con·

378 1895 565 1984 scriptam:
591 1892 684 1965 Dico
701 1894 791 1964 caim
813 1891 914 1975 coba,
934 1894 1058 1986 inquit,
1076 1894 1109 1962 si
1126 1892 1329 1963 dimiscritis
1347 1906 1568 1987 pcc-Mutum·

379 2014 455 2076 cota
479 2005 683 2092 homiuibus,
700 2007 848 2078 diruittct
873 2016 904 2078 ct
928 2006 1021 2079 cobis
1038 2006 1148 2077 Pater
1164 2014 1270 2078 vestm
1289 1983 1525 2102 peccota'⁴'¹⁵'

379 2129 512 2202 vestrm
529 2124 562 2193 ei
580 2133 689 2195 autera
707 2147 777 2194 aaa
794 2124 997 2195 dimiseritis
1014 2121 1217 2204 hominibus,
1235 2147 1342 2218 aeqttc
1354 2122 1428 2194 Pa-

379 2246 430 2309 ter
446 2248 552 2310 certer
574 2240 720 2311 dimittet
741 2239 842 2311 cobis.
896 2240 993 2311 Hinc
1020 2250 1058 2311 et
1083 2240 1232 2312 ¹Petrus
1258 2242 1319 2325 ait,
1345 2243 1525 2334 quia11’etr·

380 2355 506 2424 caritas
540 2357 697 2447 cooperit
731 2355 999 2425 multitudinem
1035 2365 1282 2447 peccatorum:
1321 2379 1426 2448 quam
1435 2318 1468 2365 ὴ
1479 2316 1504 2364 θ’

380 2469 505 2559 utique
533 2492 602 2538 non
631 2470 809 2539 habebant
835 2469 896 2548 illi,
914 2493 955 2540 ac
977 2493 1041 2560 per
1063 2470 1130 2540 boe
1156 2493 1261 2561 super
1285 2493 1427 2541 arenam

381 2582 610 2667 aedificabant,
635 2584 679 2653 de
707 2584 834 2674 quibus
862 2584 956 2652 idern
986 2583 1182 2675 Cyprianus
1210 2585 1306 2665 dicit,
1333 2585 1568 2678 quodspntss.

381 2698 477 2766 intus
503 2699 539 2766 in
565 2698 739 2768 malevola
763 2698 895 2768 invidia
920 2699 1027 2768 etiarn
1052 2699 1271 2790 temporibus
1291 2666 1581 2789 aposto-“luwn'

382 2810 459 2880 licis
476 2813 551 2882 sine
568 2814 715 2883 caritate
733 2813 1053 2896 conversabantur3
1081 2824 1119 2882 et
1141 2814 1222 2884 ideo
1240 2814 1336 2883 intus
1353 2813 1431 2906 qui·

382 2928 463 2997 dem
477 2951 553 2998 esse
564 2930 785 3008 videbantur,
798 2929 859 2999 sed
875 2928 960 2998 foris
973 2938 1084 3009 erant,
1098 2929 1181 3020 quia
1198 2929 1234 2997 in
1252 2928 1313 2999 illa
1332 2937 1431 3020 petra

383 3064 445 3133 per
462 3067 567 3135 quam
586 3045 802 3137 significatur
815 3041 976 3113 Ecclesia
993 3067 1063 3112 non
1082 3051 1192 3113 erant.

433 3156 586 3227 Sedatus
611 3182 633 3228 a
659 3157 831 3228 Tuburbo
858 3159 971 3229 dixit:
999 3156 1046 3227 Ia
1072 3166 1235 3251 quantum
1262 3181 1352 3251 aqam
1377 3173 1558 3234 cacam.

383 3270 529 3342 cordatis
541 3294 644 3364 prece
661 3273 698 3341 in
715 3270 873 3343 Ecclesia
889 3272 1102 3365 sanctificata
1118 3269 1226 3342 abluit
1242 3270 1373 3354 delicta,
1392 3270 1431 3340 in

383 3395 514 3456 tantum
531 3385 692 3457 ltaerctico
708 3410 862 3457 emmone
878 3385 967 3458 celat
984 3396 1145 3457 ⁸coaccrc
1165 3383 1294 3480 insecta
1316 3410 1432 3456 curnu-

383 3499 431 3571 lot
449 3511 602 3595 peccato.
655 3501 772 3591 Quare
793 3499 948 3574 omnibus
969 3502 1126 3596 pacificis
1148 3501 1283 3596 quidem
1301 3500 1432 3572 viribus

384 3616 560 3688 nitendum
577 3627 637 3702 eet,
656 3641 698 3687 ae
715 3618 792 3712 quic
809 3614 970 3687 lroerctico
987 3638 1104 3685 cruore
1122 3613 1268 3709 infectus
1289 3622 1320 3684 ct
1346 3614 1432 3684 tinc-

385 3739 448 3814 tae,
471 3730 646 3826 siizpciore
671 3740 702 3801 ct
728 3754 844 3803 cerum
873 3729 1038 3801 'ecclesiae
1062 3728 1229 3823 baptismo
1255 3726 1432 3799 metricat

425 3909 488 3964 tln
510 3909 585 3965 hunc
605 3910 699 3966 locum
720 3910 921 3975 Lovanienses,
941 3910 1165 3967 Annotationum
1188 3930 1253 3985 pag.
1269 3924 1319 3985 47.
1343 3909 1432 3967 Sentit

384 4024 459 4080 erpo,
484 4004 571 4067 aiunt,
591 4007 725 4080 precepti
748 4024 806 4061 csse
829 4006 918 4062 omnia
943 4025 1000 4081 qaae
1021 4025 1142 4062 amone
1161 4006 1275 4062 Domini
1296 4008 1324 4062 in
1345 4013 1433 4061 monte

385 4101 476 4157 dubito
490 4102 668 4158 continentur.

426 4207 441 4238 ²
456 4197 638 4271 Antiquiores
656 4195 746 4254 MSS.
761 4197 900 4254 Iohannes
919 4200 969 4254 oit.
1014 4199 1115 4255 Verius
1136 4208 1241 4261 tamen,
1262 4197 1363 4253 Petrus
1383 4197 1432 4252 ait.

389 4290 539 4360 (Iohannes
552 4289 639 4345 habet
653 4290 725 4346 alter
739 4295 842 4362 meus.)

427 4391 442 4423 ⁸
457 4380 505 4438 Sic
519 4382 584 4437 Am.
600 4382 649 4438 Er.
665 4390 694 4439 et
709 4382 798 4440 MSS.
814 4384 903 4441 hicet
921 4385 996 4459 apud
1011 4385 1145 4462 Cypriae.
1188 4389 1227 4444 At
1242 4386 1311 4443 Lov.
1327 4404 1432 4441 cancer.

427 4472 524 4532 bAm.
550 4485 579 4532 et
603 4477 697 4552 plures
721 4479 805 4535 MSS.
832 4489 973 4537 retractet.
1016 4482 1064 4538 Er.
1089 4484 1232 4540 detractet.
1280 4481 1434 4554 (Retroctet

388 4571 479 4629 MSS.
495 4572 560 4636 mei.
576 4574 626 4629 sed
640 4582 717 4629 recte
731 4575 862 4633 detractet
877 4575 1062 4651 Cyprianus.)

510 4707 517 4730 ¹
536 4702 654 4775 [Addidi
667 4722 766 4760 vocem
781 4723 815 4761 ex
832 4706 894 4761 cod.
910 4725 975 4763 meo
988 4706 1078 4764 altero
1092 4716 1121 4765 et
1136 4707 1305 4782 Cypriane]
