3817 5692
626 682 691 745 DE
716 679 1103 771 ΙὶΕΒΑΡΤΙὸΜΑΤΕΙ
1125 681 1281 746 LIBER.
1413 684 1478 748 315

430 877 497 937 eos,
521 852 607 925 dicit
631 852 805 926 Dominus
818 852 961 950 sooieus
985 851 1068 924 luceo.
1120 853 1250 947 Itaque
1280 865 1318 925 et
1346 857 1477 927 residui

429 969 625 1055 homiuum,
646 972 681 1040 id
705 981 759 1042 est
783 972 926 1063 quidam
943 971 1163 1054 Judaeorum,
1181 979 1219 1040 et
1244 994 1367 1041 omues
1391 996 1478 1065 gen-

430 1094 484 1156 tes
500 1109 603 1180 sopor
620 1110 704 1180 quos
727 1088 918 1158 inoccatum
942 1096 992 1158 est
1014 1109 1135 1157 nomem
1152 1084 1310 1169 Domini,
1331 1097 1479 1178 possunt

429 1210 468 1272 et
493 1225 637 1273 necesse
666 1202 800 1274 habeut
828 1204 1007 1295 requirere
1036 1201 1256 1284 Dominum3
1292 1204 1375 1294 quia
1403 1205 1480 1296 ipsa

429 1317 606 1388 invocatio
631 1320 784 1388 nominis
806 1320 940 1410 praebet
963 1320 1014 1390 eis
1040 1318 1271 1400 occasionem,
1290 1318 1346 1388 vel
1370 1321 1478 1390 etiam

429 1434 582 1525 imponit
616 1434 865 1503 necessitatem
899 1434 1099 1524 requirendi
1134 1433 1341 1503 Dominum.
1385 1432 1479 1505 Cum

429 1549 557 1638 quibus
590 1550 816 1641 1praecipiunt
845 1550 1034 1640 scripturas
1063 1558 1212 1630 sanctas,
1239 1550 1312 1617 sive
1341 1550 1480 1620 univer-

429 1684 494 1743 sas,
512 1665 586 1733 sive
610 1665 791 1755 quasdam,
809 1672 929 1732 tamen
953 1663 1141 1733 audentius
1159 1662 1203 1731 de
1223 1664 1372 1733 veritate
1390 1673 1481 1735 trac·

430 1787 515 1860 tare,
533 1801 638 1870 quam
663 1801 745 1849 cnm
767 1779 935 1871 gentibus
963 1800 1068 1870 super
1091 1800 1177 1870 quas
1205 1800 1275 1847 non
1301 1786 1356 1848 est
1380 1778 1480 1849 iuvo-

429 1903 550 1964 oatum
579 1918 710 1966 nomen
733 1895 891 1978 Domini,
917 1895 953 1964 id
981 1902 1035 1963 est
1059 1892 1191 1963 Christi
1207 1891 1295 1963 Jesu
1321 1894 1384 1964 filii
1408 1896 1478 1966 Dei

429 2010 511 2079 vivi.
537 2011 641 2081 sicuti
672 2033 738 2081 uec
767 2033 873 2103 super
897 2010 1051 2093 Judaeos,
1077 2011 1137 2101 qui
1170 2018 1307 2081 veteres
1337 2020 1479 2081 tantum

429 2128 618 2219 scripturas
635 2127 820 2220 recipiunt.
872 2125 921 2196 Et
938 2127 1019 2197 ideo
1037 2127 1221 2216 utriusque
1243 2126 1347 2217 hujus
1369 2150 1479 2219 geue-

428 2242 476 2312 ris
493 2242 663 2325 homiues,
681 2244 716 2313 id
738 2254 793 2314 est
808 2240 923 2313 Jndaei
942 2251 981 2313 et
1003 2241 1165 2336 gentiles,
1184 2239 1288 2333 plene
1312 2251 1354 2310 ut
1376 2264 1480 2333 opor-

429 2365 484 2426 tet
505 2359 691 2429 credentes
715 2359 920 2450 parimodo
945 2358 1192 2450 baptizantur3
1219 2356 1375 2427 haeretici
1395 2379 1477 2428 vero

422 2471 498 2563 jam
525 2472 695 2564 baptizati
720 2494 811 2563 aqua
835 2473 872 2542 iu
899 2473 1043 2541 nomine
1059 2470 1146 2541 Jesu
1170 2467 1312 2553 Christi,
1335 2480 1476 2542 tantum

428 2586 466 2654 in
484 2585 620 2676 Spiritu
637 2594 759 2656 sancto
777 2586 978 2679 baptizandi
997 2594 1099 2668 sunt3
1132 2588 1201 2676 [’et
1218 2585 1256 2653 in
1268 2582 1367 2669 Jesu,
1383 2586 1477 2677 quod

428 2723 558 2770 nomen
585 2700 698 2770 solum
725 2702 847 2772 datum
870 2710 925 2772 est
952 2701 1019 2771 sub
1042 2699 1131 2770 coelo
1159 2701 1196 2769 in
1222 2722 1292 2792 quo
1317 2710 1478 2792 oporteat

428 2814 542 2886 salvos
570 2816 646 2885 fieri
677 2838 749 2897 nos,
776 2818 904 2886 merito
933 2838 1029 2885 mors
1058 2813 1326 2906 contemnitur]
1380 2815 1478 2899 Quo-

428 2931 524 3000 niam
546 2932 575 3001 si
602 2932 651 3001 sio
674 2941 909 3023 perseverent,
927 2930 1014 3001 salvi
1037 2952 1208 3000 essenon
1231 2940 1378 3023 possunt
1395 2931 1478 3024 quia

428 3066 500 3114 non
526 3045 785 3136 requisiverunt
802 3046 998 3116 Dominum
1024 3056 1103 3138 post
1129 3047 1390 3116 invocationem
1415 3070 1478 3116 no-

428 3158 533 3229 minis
548 3160 623 3251 ejus
641 3182 746 3252 super
758 3182 839 3243 e0s3
866 3162 958 3231 sicut
971 3170 1009 3230 et
1026 3161 1077 3230 ilii
1090 3163 1168 3252 ³qui
1188 3163 1223 3230 iu
1242 3184 1302 3230 eos
1316 3160 1477 3232 Christus

428 3273 488 3364 qui
506 3272 597 3343 forte
620 3276 763 3345 credere
787 3274 986 3357 noluerunt,
1005 3277 1050 3345 de
1071 3277 1198 3367 quibus
1217 3275 1393 3345 Dominus
1416 3276 1475 3358 ait,

428 3383 552 3459 Cavete
562 3411 605 3458 oo
615 3388 754 3481 quiseos
765 3390 803 3459 iu
814 3412 965 3460 morem
974 3388 1123 3460 induent.
1138 3387 1238 3459 multi
1247 3389 1477 3460 eoimoooieut
1485 3410 1577 3462 nanu.

427 3500 466 3570 ia
489 3502 626 3574 nomine
649 3528 723 3575 mco
745 3503 901 3588 dieentes,
919 3503 997 3602 Epo
1012 3528 1088 3575 sum
1108 3502 1280 3587 Christos,
1299 3513 1331 3575 et
1355 3476 1634 3576 mmmmm-⁷.-

427 3614 466 3684 io
495 3640 646 3690 errorem
677 3618 847 3691 inducent.
899 3617 951 3691 Et
981 3622 1113 3690 iterum
1143 3621 1203 3702 ait,
1234 3618 1332 3692 Tune
1356 3621 1389 3691 si
1417 3622 1638 3716 quinum,

469 3877 477 3901 ¹
491 3873 670 3947 praecipiunt]
689 3876 732 3929 An
747 3874 947 3947 exponendum
962 3883 1016 3937 est,
1026 3874 1144 3948 proecipr'
1156 3873 1252 3930 solet?

471 3972 479 3996 ¹
492 3976 522 4024 et
535 3968 563 4024 iu
574 3968 931 4043 Jesu—-contemnitufl
944 3970 1042 4026 Verba
1052 3988 1114 4043 quae
1129 3970 1210 4025 uncis
1221 3970 1330 4035 inclusi,
1342 3972 1378 4028 ad
1392 3973 1477 4029 alium

426 4064 519 4121 locum
531 4064 700 4139 pertinuisse
714 4064 854 4121 videntur.
877 4065 964 4122 Certe
978 4066 1070 4122 aliene
1084 4074 1159 4130 sunt,
1169 4067 1245 4124 unde
1259 4068 1334 4126 unde
1348 4069 1475 4139 advecta,

427 4160 462 4217 ab
478 4161 533 4218 isto
547 4161 620 4218 loco.

466 4265 476 4296 ³
490 4256 580 4331 quiin
595 4274 644 4313 eos
659 4254 791 4313 Christus
805 4257 853 4331 qui
867 4257 941 4315 forte
956 4258 1072 4317 credere
1087 4260 1252 4334 noluerunt]
1274 4261 1363 4335 Angli
1377 4261 1475 4336 legen·

426 4353 494 4410 dum
515 4372 577 4411 esse
600 4363 780 4423 monuerunt,
804 4355 850 4430 qui
871 4354 904 4412 ob
919 4355 1179 4431 pseudo-Christos,
1195 4357 1278 4431 sorte
1299 4358 1408 4414 credere
1428 4377 1475 4415 ao·

425 4448 539 4507 luerunt.
562 4449 679 4506 Baunz.
723 4451 927 4525 Reponeudum
953 4451 1022 4508 mihi
1045 4453 1158 4527 quidem
1178 4452 1299 4517 videtur,
1312 4453 1360 4527 qui
1382 4453 1476 4510 ineos

427 4545 552 4603 Christos
557 4545 640 4619 sorte
653 4548 760 4603 credere
773 4548 923 4606 voluerant.

907 4661 988 4708 ss2
