3817 5692
482 688 547 750 130
704 686 960 751 ARCHELAI
991 687 1056 750 ET
1086 687 1307 751 MANETIS

480 863 559 943 rios,
577 861 866 955 transfigurantes
888 885 925 932 se
946 862 984 931 iu
1002 860 1194 954 Apostolos
1212 862 1355 946 Christi,
1374 860 1439 933 'Et
1462 885 1530 932 non

481 979 632 1058 mirum·
658 978 731 1072 ipse
748 978 838 1048 enirn
855 976 1008 1050 Satanas
1026 978 1249 1075 transfigurat
1268 1002 1314 1062 se,
1332 977 1442 1049 rietur
1453 977 1532 1048 An·

476 1092 590 1191 gelum
610 1092 709 1165 lucis.
761 1092 859 1183 Quid
882 1117 963 1190 cryc
986 1095 1208 1190 magnumsi
1231 1103 1262 1165 et
1284 1095 1531 1187 ministrique

481 1210 769 1307 transfigurentur
803 1210 841 1279 in
870 1210 1049 1280 ministros
1071 1210 1245 1303 justitia:
1277 1234 1421 1306 quorum
1441 1211 1532 1305 Jinis

479 1329 547 1398 erit
571 1325 756 1398 secundum
783 1349 888 1420 opera
915 1326 1067 1397 eorum?
1092 1327 1232 1397 Iudicat
1260 1337 1381 1398 autem
1412 1327 1532 1419 quales

480 1452 610 1528 essent,
629 1453 667 1513 et
688 1465 711 1513 a
733 1443 860 1535 quibua
886 1443 1264 1513 circumveniebantur.
1316 1443 1531 1515 Volentibus

480 1568 601 1628 autem
630 1557 768 1629 Galatis
797 1558 843 1628 ab
871 1557 1067 1651 Evangelio
1097 1558 1275 1628 transferri
1302 1559 1363 1640 ait,
1394 1556 1532 1628 'Miror

481 1672 574 1767 quod
588 1674 641 1744 sic
657 1682 725 1744 tom
744 1674 812 1744 cito
829 1671 1088 1768 transferimini
1110 1671 1151 1744 ab
1168 1696 1215 1756 eo,
1234 1674 1295 1766 qui
1312 1674 1442 1744 uocauit
1464 1697 1531 1756 uos,

482 1788 521 1858 in
546 1785 646 1859 aliud
665 1786 905 1885 Euonyetium,
929 1788 1022 1882 quod
1044 1812 1110 1857 non
1139 1797 1188 1858 est
1210 1784 1329 1858 uliud.-
1357 1788 1428 1857 nisi
1453 1796 1532 1857 sunt

483 1906 545 1999 qui
569 1927 627 1976 coa
652 1904 864 1987 conturbant,
882 1914 915 1976 et
939 1903 1055 1976 uolrrnt
1080 1913 1334 1975 tanumeros
1356 1901 1397 1974 ab
1414 1901 1532 1974 Eran-

477 2018 569 2117 qelio
587 2018 732 2093 Carnu.
783 2018 857 2092 Sed
878 2021 982 2090 etiam
1005 2020 1038 2089 si
1061 2042 1123 2089 nos
1140 2019 1219 2114 ipsi,
1237 2028 1298 2089 out
1312 2018 1467 2115 Angelus
1491 2017 1532 2088 de

481 2133 564 2206 ccelo
589 2133 681 2206 uobis
707 2135 976 2218 annuntiaverit,
998 2133 1343 2229 praeterquamquod
1366 2133 1530 2205 traditum

481 2259 531 2322 eu
547 2249 649 2333 uobis,
667 2248 846 2321 anatliema
863 2250 918 2320 sit.
971 2249 1021 2319 Et
1042 2273 1181 2320 rursum
1204 2252 1263 2333 ait,
1281 2247 1398 2320 ⁸Mitti
1414 2248 1532 2342 infimo

481 2366 635 2437 omnium
652 2364 914 2459 *Amstotcram
934 2364 1016 2436 data
1033 2374 1082 2436 est
1093 2366 1214 2461 qratia
1230 2363 1313 2437 trac.
1341 2364 1428 2453 Quo
1440 2364 1531 2435 enim

481 2479 622 2553 deorum
638 2479 899 2553 tribulationum
918 2478 1066 2563 Christi
1085 2482 1123 2551 in
1141 2504 1244 2551 corne
1261 2504 1335 2550 meo
1352 2478 1530 2574 adimpleo.

482 2596 532 2667 Et
554 2598 590 2666 in
616 2597 686 2667 alio
709 2620 847 2668 mrsum
870 2596 949 2668 loco
967 2598 1163 2689 profitetur,
1181 2601 1264 2691 qnia
1279 2596 1412 2691 ⁴Super
1437 2606 1532 2668 cate·

481 2735 540 2783 roa
558 2710 694 2786 Christi
718 2712 885 2795 minister,
903 2722 1073 2805 tanquam
1099 2716 1127 2783 si
1155 2726 1278 2807 postea
1300 2716 1444 2784 omniuo
1461 2737 1532 2783 non

481 2830 528 2900 sit
553 2828 643 2900 alius
668 2830 930 2921 expectandus;
960 2829 1067 2922 jubet
1093 2832 1190 2900 enim
1218 2853 1334 2922 neque
1365 2829 1531 2922 angelum

482 2946 527 3015 de
552 2944 639 3014 calo
662 2946 803 3036 suscipi.
855 2943 904 3014 Et
927 2945 1105 3036 quomodo
1131 2946 1194 3015 'de
1219 2944 1363 3016 Perside
1390 2946 1532 3014 venien-

482 3071 557 3131 tem
584 3060 744 3145 Manem,
770 3069 807 3131 et
838 3061 1015 3131 dicentem
1043 3084 1082 3132 se
1108 3083 1185 3132 esse
1213 3061 1439 3143 Paraclitum,
1469 3084 1532 3129 uos

482 3199 558 3247 esse
574 3177 777 3247 oredimus?
804 3176 862 3246 Ita
879 3177 975 3247 enim
992 3200 1144 3271 agnosco
1162 3201 1207 3247 ex
1224 3177 1304 3262 hoc,
1321 3178 1415 3269 qnod
1441 3198 1532 3246 nnns

481 3294 549 3363 iste
572 3294 617 3363 sit
641 3316 688 3364 ex
710 3292 791 3376 illis,
809 3294 868 3384 qui
893 3294 1196 3375 transformantur,
1215 3293 1260 3363 de
1277 3293 1405 3384 quibus
1421 3292 1533 3361 maui-

522 3513 538 3558 Ρ
552 3504 598 3560 Ita
611 3512 641 3560 et
654 3503 814 3579 Cyprianus
828 3503 905 3560 haud
918 3503 1016 3578 procul
1030 3503 1066 3560 ab
1081 3503 1162 3561 initio
1175 3503 1240 3560 libri
1255 3504 1291 3560 de
1302 3502 1420 3559 Unitate
1433 3501 1530 3558 Eccle-

481 3600 540 3667 aiae,
555 3619 588 3657 ac
603 3600 627 3657 si
646 3600 675 3657 in
694 3619 789 3677 graeco
803 3609 886 3657 textu
899 3609 976 3658 esset
990 3601 1034 3657 ὥς.
1077 3600 1136 3658 Sed
1149 3601 1284 3676 Vulgata,
1300 3609 1330 3657 et
1342 3599 1532 3657 Tertullianus

480 3687 607 3773 pluribus
621 3698 650 3755 in
664 3698 735 3755 loeis
748 3698 859 3773 legunt,
874 3697 911 3754 In
925 3698 1059 3773 Angelum
1074 3697 1152 3755 lucie.

522 3805 539 3849 (ι
559 3794 666 3852 Melina
676 3794 812 3871 Vulgata,
828 3794 1067 3869 adstipulantibus
1085 3794 1239 3870 Cypriane,
1255 3794 1414 3859 Ambrosio,
1430 3792 1532 3849 Hiero·

481 3911 578 3968 nyma,
593 3901 623 3950 et
636 3892 806 3967 Augustino,
822 3901 977 3949 cucumere
994 3892 1174 3967 Euangeliou
1189 3891 1311 3959 utrum·
1332 3890 1399 3949 lieet
1418 3890 1530 3949 Tertul-

480 3988 572 4046 lianus
586 3989 649 4046 adv.
661 3989 838 4046 Marcionem
852 3988 901 4045 lib.
917 3988 955 4044 iv.
970 4007 1033 4063 cap.
1045 4006 1075 4063 5.
1085 3996 1254 4064 pervertere
1268 3987 1373 4064 legisse
1383 3988 1521 4045 videatur.

522 4096 535 4128 ¹
549 4086 650 4143 Graece
664 4094 717 4151 est,
732 4086 821 4159 ἁγίων.
856 4084 1029 4151 Sanctam,
1046 4095 1077 4142 ut
1090 4086 1177 4143 habet
1191 4085 1326 4161 Vulgata.

521 4193 533 4226 ⁵
556 4184 592 4240 ln
605 4182 753 4241 casinensi
768 4192 919 4258 corruptus
933 4190 978 4239 eat
995 4181 1043 4238 hic
1063 4182 1152 4247 locus,
1167 4181 1254 4239 habet
1267 4182 1352 4246 enim,
1368 4181 1400 4237 de
1416 4180 1532 4238 Persida

480 4282 625 4337 uenientem
639 4288 744 4346 monet,·
766 4280 816 4337 sed
830 4279 994 4355 legendum,
1010 4278 1130 4343 Manem,
1147 4279 1191 4336 vel
1211 4279 1299 4345 modo,
1315 4285 1362 4342 tic.
1400 4277 1532 4351 (Persida

481 4395 546 4434 cnrn
560 4378 676 4435 Perside
688 4378 736 4433 hic
750 4386 779 4435 et
793 4396 878 4451 supra
890 4374 1021 4446 mutavi.)
1475 4369 1478 4374 ’

495 4520 503 4545 ¹
520 4532 535 4569 a
552 4514 619 4572 Cor.
634 4515 672 4571 xi.
687 4532 733 4588 14,
748 4533 792 4590 ¹5·
852 4519 861 4543 '
876 4514 944 4571 Gal.
958 4515 976 4572 i.
992 4513 1082 4571 6-8.
1148 4513 1245 4589 ’Epa
1257 4513 1296 4570 iii.
1314 4513 1341 4571 8.
1365 4511 1429 4568 eol.
1443 4510 1461 4566 i.
1472 4528 1520 4582 24.

879 4619 889 4647 ⁴
906 4629 921 4669 2
937 4610 1006 4669 Cor.
1023 4612 1061 4668 xi.
1078 4628 1126 4682 ²³·
