3817 5692
425 703 467 763 40
649 695 903 759 ARCHELAI
934 694 999 757 ET
1031 691 1251 755 MANETIS

425 879 518 951 tatae,
544 869 672 961 quibus
699 868 782 938 solis
812 867 921 937 libere
953 867 1007 935 uti
1032 865 1173 948 licebat,
1198 864 1390 957 gemitibus
1417 888 1471 934 re·

425 986 657 1080 sponderent:
685 1004 832 1074 quarum
856 984 884 1052 si
907 1005 985 1073 quae
1008 982 1163 1050 tenerius
1186 979 1333 1071 propriis
1356 979 1472 1050 indul-

424 1110 550 1196 gerent
567 1098 769 1180 visceribuS,
788 1099 952 1166 interitus
970 1104 1100 1166 sortem
1119 1103 1245 1187 sponte
1267 1096 1332 1166 sibi
1350 1118 1471 1188 parem

425 1239 508 1287 cum
534 1214 614 1285 filiis
639 1220 956 1306 praesnmpsernnt3
986 1212 1015 1281 si
1042 1234 1119 1302 qnae
1145 1233 1228 1280 vero
1254 1211 1384 1281 habere
1409 1210 1472 1280 ali-

426 1332 509 1424 quid
537 1330 732 1400 tolerantiae
760 1336 963 1419 potuerunt,
988 1327 1135 1418 eaptivae
1162 1325 1231 1396 huc
1257 1348 1369 1417 nsque
1395 1350 1472 1418 per-

427 1449 541 1517 ductae
563 1453 655 1516 sunt.
698 1444 829 1514 Triduo
846 1444 968 1534 itaque
991 1451 1128 1523 exacto,
1147 1464 1228 1511 curn
1246 1465 1291 1511 ne
1308 1441 1472 1511 noctibus

427 1562 570 1653 quidem
590 1560 743 1651 aliquam
762 1558 921 1650 requiem
939 1558 1162 1649 cepissemus,
1180 1558 1224 1627 ad
1242 1555 1359 1626 locum
1377 1553 1472 1626 hune

427 1676 662 1767 perducimur,
680 1676 716 1743 in
743 1696 812 1764 quo
838 1681 919 1764 post
944 1672 1019 1742 haec
1039 1672 1115 1762 jam
1142 1672 1224 1762 quid
1250 1681 1390 1764 gestum
1416 1673 1472 1753 sit,

427 1791 555 1860 melius
572 1791 647 1881 ipse
665 1789 768 1859 nosti.

479 1904 549 1974 ΙΙΙ.
570 1903 638 1974 His
656 1903 785 1973 auditis
803 1904 857 1971 vir
876 1903 1050 1994 piissimus
1067 1899 1256 1972 Marcellus
1281 1902 1473 1992 plurimum

428 2021 464 2089 in
482 2019 652 2111 lacrymas
674 2020 837 2109 profusus
854 2027 918 2100 est,
936 2019 1100 2088 misertus
1122 2027 1241 2088 tantos
1265 2025 1393 2087 ettam
1414 2039 1474 2087 va-

429 2136 498 2204 rios
523 2156 643 2216 casus;
669 2135 730 2204 sed
756 2133 843 2203 nihil
869 2142 1037 2216 moratus,
1061 2133 1158 2204 cibos
1183 2142 1367 2225 praeparat,
1392 2133 1472 2202 fati·

429 2251 520 2343 gatis
547 2272 610 2342 per
632 2251 862 2342 semetipsum
889 2248 1085 2319 ministeria
1109 2247 1289 2331 exhibens,
1315 2249 1474 2319 imitatus

430 2373 567 2455 patrem
593 2371 754 2431 nostrum
781 2358 986 2434 hAbraham
1012 2362 1258 2456 patriarcham,
1276 2364 1336 2454 qui
1362 2385 1473 2453 qnon-

430 2480 512 2548 dam
538 2477 671 2572 angelis
697 2502 717 2548 a
742 2501 779 2549 se
804 2479 958 2570 hospitio
981 2479 1164 2570 susceptis,
1181 2501 1252 2548 non
1279 2477 1474 2548 venraeulis

430 2592 616 2684 imperavit
650 2592 801 2662 vitulum
836 2593 973 2663 deferre
1004 2594 1048 2663 de
1076 2594 1264 2686 gregibue;
1305 2593 1366 2663 sed
1399 2594 1474 2685 ipse

430 2708 546 2777 senior
579 2708 783 2800 impositum
818 2709 974 2779 humeris
1003 2708 1160 2799 pertulit,
1189 2731 1231 2778 ac
1265 2730 1327 2799 per
1360 2716 1474 2778 semet

430 2831 645 2915 praeparatos
669 2823 766 2893 cibos
789 2824 936 2916 propriis
959 2823 1121 2894 manibus
1147 2822 1280 2917 angelis
1301 2824 1474 2915 apposuit.

432 2937 546 3008 Simili
576 2946 613 3006 et
639 2937 834 3009 Marcellus
859 2940 1003 3009 functus
1030 2938 1154 3020 officie,
1184 2938 1292 3008 denos
1318 2938 1475 3031 praecipit

431 3074 494 3143 per
517 3054 676 3122 convivia
704 3054 876 3137 reclinari,
901 3053 1204 3147 septingentisque
1229 3054 1390 3123 omnibus
1413 3076 1476 3122 ex-

432 3166 558 3234 tructis
587 3168 727 3250 mensis,
758 3192 839 3238 cnm
870 3169 1007 3262 ingenti
1037 3168 1160 3238 laetitia
1189 3168 1369 3238 reficiebat
1398 3168 1476 3236 uni-

433 3303 560 3364 versos,
591 3284 642 3352 ita
671 3293 712 3353 ut
743 3287 803 3376 qui
837 3307 1017 3376 superesse
1045 3291 1234 3375 potuerant
1263 3282 1476 3352 oblivionem

433 3405 599 3487 caperent
615 3396 789 3482 laborum,
806 3422 847 3469 ae
869 3400 979 3469 totius
1002 3397 1086 3467 mali
1108 3396 1330 3467 efficerentur
1353 3398 1477 3465 imme·

432 3532 557 3580 mores.
610 3511 702 3581 Cum
725 3521 845 3583 autem
872 3514 1016 3604 quintus
1042 3512 1199 3582 decimus
1226 3513 1477 3604 transigeretur

434 3627 517 3709 dies,
537 3626 711 3698 Marcello
737 3639 866 3699 cuncta
891 3628 1025 3699 affatim
1049 3626 1292 3697 ¹ministrante
1317 3628 1475 3719 captivis,

432 3743 566 3833 placuit
583 3745 633 3813 eis
650 3744 814 3814 omnibus
831 3745 1012 3814 remeandi
1026 3744 1069 3813 ad
1087 3743 1225 3835 propria
1243 3743 1349 3812 tribui
1367 3742 1477 3812 facul·

433 3866 556 3936 tatem,
587 3868 713 3949 praeter
742 3882 813 3944 eos,
844 3882 931 3951 qnos
961 3859 1146 3929 vulnerum
1178 3880 1262 3928 cura
1291 3857 1477 3941 retinebat,

435 3973 563 4063 quibus
586 3982 791 4065 competens
817 3975 976 4045 adhibita
1005 3973 1153 4055 medela,
1177 3973 1221 4043 ad
1247 3995 1311 4042 sua
1333 3980 1477 4042 caeteros

361 4137 367 4152 .
434 4087 530 4156 abire
564 4090 739 4182 praecepit.
791 4090 862 4160 Sed
895 4090 950 4159 his
981 4089 1143 4159 omnibus
1177 4088 1309 4179 majora
1341 4085 1477 4156 addidit

435 4200 629 4273 Marcellus
646 4206 788 4296 pietatis
803 4205 936 4289 officia3
963 4227 1044 4274 cum
1062 4202 1214 4295 plurima
1230 4223 1382 4292 namque
1398 4223 1478 4271 suo-

433 4339 513 4387 rnm
539 4340 645 4388 manu
670 4343 873 4414 progressus
898 4331 954 4391 est
979 4321 1023 4390 ad
1050 4318 1252 4411 sepelienda
1270 4338 1416 4408 corpora
1441 4319 1478 4384 in

435 4434 560 4504 itinere
586 4445 859 4528 peremptorum,
883 4445 920 4505 et
942 4436 1061 4505 omnia
1083 4455 1298 4526 quaecunque
1320 4432 1478 4502 invenire

606 4666 622 4710 ¹¹
638 4670 742 4728 Genea.
758 4672 835 4729 xviii.
1001 4667 1010 4711 ¹
1031 4671 1096 4744 [ior.
1112 4670 1309 4743 ministranti]
