3817 5692
253 1547 366 1608 (linear.

414 668 479 732 272
782 665 813 725 S.
832 664 1103 727 AUGUSTINI

467 840 527 909 Sic
552 849 606 907 est
632 861 741 907 unum
766 839 941 929 baptisma
970 838 1005 905 in
1034 835 1192 906 Ecclesia
1221 834 1410 919 catholica,
1430 845 1471 905 ut

416 982 496 1028 cunr
526 960 656 1027 exinde
683 956 790 1048 aliqui
819 958 982 1037 exierint,
1001 958 1035 1023 in
1063 955 1116 1024 bis
1142 957 1201 1047 qui
1228 967 1377 1037 exeunt,
1398 979 1470 1025 non

416 1074 504 1142 fiant
530 1073 609 1150 dno,
634 1073 692 1141 sed
721 1072 813 1141 idern
843 1093 952 1139 uuum
982 1081 1133 1140 maneat.
1185 1070 1291 1152 Quod
1317 1093 1405 1164 ergo
1435 1073 1470 1140 iu

416 1188 646 1257 redeuntibus
666 1187 877 1280 agnoscitur,
896 1186 964 1255 hoc
987 1196 1024 1255 et
1048 1187 1082 1255 in
1108 1186 1159 1254 eis
1181 1187 1240 1276 qui
1259 1209 1280 1257 a
1297 1187 1471 1257 receden-

417 1302 512 1371 tibus
546 1311 767 1393 acceperunt,
803 1302 895 1392 qued
936 1300 986 1371 illi
1022 1323 1102 1369 cum
1142 1301 1358 1376 recederent,
1396 1324 1468 1371 non

417 1419 619 1486 amiserunt.

468 1532 561 1601 ltem
580 1533 668 1602 alius
687 1532 818 1603 Lucius
835 1534 879 1604 ab
893 1530 1028 1602 Ausafa
1044 1532 1156 1601 dixit:
1181 1530 1377 1603 Secundum
1397 1553 1472 1600 mc-

253 1627 488 1717 ephesinam
512 1648 622 1716 citimi
647 1648 714 1716 mei
739 1656 770 1717 ct
790 1646 946 1741 Spiritus
968 1647 1088 1728 sancti,
1107 1670 1181 1716 cam
1199 1647 1245 1715 sit
1262 1669 1349 1715 acres
1368 1644 1471 1715 Deus

418 1760 527 1832 Pater
544 1760 692 1831 Durniai
716 1762 828 1831 nostri
844 1760 931 1832 Jesu
957 1758 1101 1843 Christi,
1122 1770 1154 1830 et
1179 1784 1268 1829 anus
1290 1757 1470 1844 Christus,

417 1886 449 1947 et
474 1901 543 1946 tina
569 1900 652 1969 spes,
677 1900 765 1946 acics
790 1878 945 1971 spiritur,
969 1900 1039 1946 aaa
1055 1874 1223 1958 Ecclesia,
1242 1899 1346 1945 arram
1372 1874 1473 1946 debet

417 2015 487 2063 esse
504 2001 552 2062 ¹et
568 1991 745 2085 baptisma.
798 1991 847 2062 Et
864 1992 940 2063 idea
958 1991 1045 2071 dica,
1064 2001 1095 2061 ct
1117 1992 1149 2061 si
1166 1991 1252 2085 qaid
1269 1990 1381 2084 'apud
1396 1989 1471 2061 ltce-

416 2108 539 2177 reticas
565 2116 691 2176 rnatum
718 2105 931 2201 autfertum
946 2105 1075 2201 fuerit,
1093 2104 1244 2176 rescindi
1268 2104 1410 2185 debere:
1437 2117 1471 2177 et

417 2244 481 2301 aas,
501 2221 560 2313 qai
577 2220 702 2291 erinde
718 2224 866 2301 sentam,
884 2224 923 2292 ia
940 2221 1097 2292 Ecclesia
1113 2220 1337 2317 baptizandas
1354 2246 1438 2293 esse.

468 2335 703 2405 Rescindatur
716 2360 800 2429 ergo
813 2339 907 2428 quod
921 2338 1111 2429 baptizant,
1124 2339 1183 2429 qui
1198 2340 1347 2407 audiunt
1359 2338 1471 2408 verba

419 2447 498 2529 Dei,
517 2459 554 2518 et
578 2474 646 2518 non
666 2452 810 2532 faciunt,
830 2475 910 2521 eum
935 2453 980 2521 ab
1007 2453 1191 2543 iniquitute
1214 2454 1257 2522 ad
1276 2454 1469 2545 justitiam,

418 2564 485 2633 hae
503 2574 566 2645 est,
580 2566 625 2634 ab
642 2589 748 2635 arena
765 2567 808 2635 ad
829 2576 962 2658 petram
983 2569 1133 2658 migrare
1150 2571 1330 2659 coeperint.
1358 2569 1470 2651 Quod

417 2680 444 2746 si
472 2703 542 2747 non
566 2680 618 2762 fit,
637 2682 719 2771 quia
742 2691 779 2749 et
806 2683 839 2749 in
867 2683 950 2772 ipsis
974 2683 1066 2772 quad
1086 2681 1216 2751 Christi
1235 2692 1322 2767 erat,
1341 2706 1469 2754 eorum

417 2796 663 2886 iniquitatibus
685 2820 755 2865 non
775 2795 993 2877 violabatur;
1019 2796 1086 2865 hoc
1104 2798 1211 2866 etiam
1230 2798 1274 2865 de
1291 2798 1470 2869 haereticis

416 2909 655 3001 intelligatur:
683 2933 764 2979 narn
789 2933 853 2978 nec
872 2911 995 2979 endem
1023 2933 1102 3001 spes
1128 2909 1197 2980 illis
1219 2920 1273 2981 est
1296 2912 1468 3002 quamdiu

417 3025 450 3091 in
470 3047 576 3093 arena
596 3035 689 3106 sunt,
707 3048 784 3115 quae
810 3023 878 3093 illis
904 3026 963 3115 qui
991 3047 1095 3115 super
1120 3034 1254 3115 petram
1282 3035 1385 3105 sunt;
1413 3037 1470 3098 ta—

416 3159 497 3205 men
527 3140 620 3209 idem
650 3139 824 3229 baptisma
850 3148 903 3207 est
931 3139 966 3205 in
997 3139 1162 3228 utrisque,
1187 3139 1345 3231 quamvis
1372 3142 1470 3212 sieut

416 3275 495 3344 spes
512 3277 593 3334 una,
612 3256 662 3323 ita
681 3277 789 3322 uuum
808 3253 983 3343 baptisma
1000 3253 1134 3322 dictum
1154 3256 1208 3323 sit.

470 3366 570 3435 Felix
589 3391 610 3436 a
628 3368 837 3460 Gurgitibus
855 3367 968 3435 dixit:
995 3365 1072 3461 Epa
1088 3376 1264 3452 rarescant
1280 3368 1468 3439 secundum

416 3488 612 3549 sanctarum
631 3482 882 3574 scripturaram
896 3490 1070 3572 precepta
1088 3480 1270 3574 'baptizati
1287 3479 1407 3552 illicite
1424 3482 1469 3554 ab

416 3590 586 3663 hereticis
610 3604 709 3664 cetra
726 3594 929 3676 Ecclesiam,
950 3595 984 3663 si
1005 3594 1053 3664 ad
1067 3593 1257 3666 Ecclesiam
1284 3595 1471 3692 canschere

416 3705 592 3791 valrccrint,
620 3710 772 3804 qratiam
803 3707 972 3802 baptismi,
1000 3707 1058 3778 abi
1087 3708 1180 3780 licite
1209 3710 1324 3796 datter,
1350 3735 1470 3783 conse-

417 3832 578 3915 quantur.

467 3938 733 4030 Respondetur:
772 3938 887 4008 lrnmo
924 3938 1020 4009 licite
1054 3941 1225 4031 incipiant
1261 3939 1389 4010 babere
1419 3944 1467 4012 ad

415 4050 577 4126 salutern,
599 4054 692 4143 quod
719 4051 843 4123 illicite
871 4051 1047 4123 habebant
1074 4053 1116 4122 ad
1144 4054 1355 4144 perniciem:
1382 4057 1469 4145 quia

601 4246 612 4275 ¹
627 4236 661 4290 lu
676 4237 808 4309 Cypriani
824 4238 956 4299 editione,
972 4237 1005 4291 ab
1020 4237 1154 4293 hereticis
1167 4248 1275 4294 motam.

458 4385 466 4411 ¹
486 4378 668 4449 [Particulum
691 4387 717 4433 et
738 4388 803 4434 unte
825 4380 956 4452 baptisma
978 4399 1013 4435 ex
1029 4381 1173 4455 Cypriauo
1198 4391 1226 4437 et
1250 4381 1346 4437 codice
1372 4383 1468 4455 priore

415 4494 480 4532 meo
494 4482 635 4545 sumptum
651 4473 769 4545 addidi]

456 4578 463 4599 ¹
483 4570 582 4643 [Apud
597 4570 771 4643 cyprianum
787 4571 1421 4646 baptiratus——voluerit—-coaseqaatur.]
