3817 5692
757 693 1067 757 DISPUTAT10.
1371 697 1435 763 187

392 862 528 933 litatem
559 864 764 944 defendunt,
793 864 1010 936 declinantes
1040 863 1233 956 Scripturae
1260 869 1354 937 viam
1380 868 1434 937 di-

391 990 543 1061 rectam;
568 977 629 1049 sed
643 1002 712 1049 non
731 980 767 1049 in
785 978 934 1075 amplius
947 980 1141 1074 proficient.

440 1092 523 1162 LII.
545 1091 677 1165 Nullus
693 1103 814 1166 tamen
831 1095 883 1165 its
899 1095 1126 1186 impudenter
1142 1095 1323 1188 prevaluit
1340 1099 1432 1169 sicut

389 1210 457 1277 iste
482 1207 704 1300 Scytbianus.
756 1208 965 1280 Inimicitias
989 1212 1084 1280 enim
1109 1212 1202 1281 inter
1222 1213 1311 1283 duos
1334 1214 1432 1308 inge-

390 1325 481 1394 nitos
506 1325 714 1406 introduxit,
732 1334 770 1394 et
796 1326 913 1394 omnia
938 1325 1027 1408 baec,
1045 1336 1146 1418 ⁰quae
1171 1339 1434 1419 consequuntur

389 1438 632 1529 hujuscemodi
656 1441 894 1510 assertionem.
947 1440 1090 1533 Quique
1120 1441 1333 1535 Scythianus
1358 1444 1434 1536 ipse

389 1575 435 1622 ex
457 1575 586 1646 genere
610 1552 864 1624 Saracenorum
891 1555 971 1638 fuit,
992 1565 1029 1625 et
1054 1558 1230 1648 captivam
1255 1559 1432 1649 quandam

389 1669 526 1759 accepit
561 1691 708 1739 uxorem
742 1671 787 1740 de
820 1671 999 1762 superiore
1025 1671 1214 1755 Thebaide,
1243 1696 1320 1765 quae
1349 1696 1432 1742 eum

390 1783 499 1853 suasit
523 1783 682 1853 habitare
704 1785 741 1853 in
762 1784 917 1878 AEgypto
942 1786 1064 1879 magis,
1082 1808 1188 1878 quam
1214 1788 1250 1856 in
1276 1786 1434 1857 desertis.

389 1896 513 1990 Atque
539 1900 675 1968 utinam
692 1922 873 1992 nunquam
890 1924 972 1971 eum
990 1900 1052 1970 ilia
1068 1902 1247 1993 provincia
1263 1902 1434 1993 suscepis-

389 2025 453 2097 set,
480 2017 536 2085 Pin
563 2037 737 2108 quacum
762 2037 844 2087 eum
870 2015 1057 2099 habitaret,
1081 2040 1162 2087 cum
1185 2015 1433 2110 AEgyptiorum

389 2132 597 2223 sapientiam
622 2134 821 2216 didicisset;
847 2141 924 2203 erat
941 2135 1048 2216 enim,
1066 2146 1107 2202 ut
1124 2134 1219 2224 quod
1238 2154 1361 2203 verum
1379 2140 1434 2202 est

390 2246 556 2328 dicamus,
575 2245 678 2317 valde
699 2247 796 2317 dives
821 2248 973 2341 ingenio,
991 2255 1029 2317 et
1046 2248 1182 2340 opibus,
1199 2249 1290 2318 sicut
1306 2249 1354 2328 hi,
1372 2249 1434 2340 qui

389 2360 547 2431 sciebant
561 2384 642 2431 eum
656 2385 719 2454 per
735 2362 972 2443 traditionem,
986 2363 1087 2432 nobis
1101 2385 1242 2453 quoque
1254 2361 1434 2432 testificati

389 2484 481 2545 sunt.
534 2475 758 2570 Disoipuium
784 2486 902 2547 autem
930 2476 1056 2547 habuit
1076 2479 1253 2568 quendam
1270 2478 1435 2547 momine

389 2589 655 2676 Terebinthum,
672 2594 731 2684 qui
758 2593 896 2683 scripsit
921 2592 954 2661 ei
980 2600 1132 2682 quatuor
1157 2592 1273 2673 libros,
1292 2614 1337 2661 ex
1360 2592 1436 2683 qui·

389 2706 454 2777 bus
484 2732 595 2778 unum
628 2708 771 2799 quidem
805 2707 996 2799 appellavit
1031 2706 1295 2799 Mysteriorum,
1325 2707 1435 2777 aliurn

390 2846 472 2893 vero
503 2822 758 2915 Capitulorum,
790 2822 935 2892 tertium
966 2830 1088 2892 autem
1119 2820 1369 2915 Evangelium,
1399 2829 1437 2891 et

389 2937 617 3005 novissimum
636 2937 794 3015 omnium
811 2936 1030 3006 Thesaurum
1056 2933 1259 3026 appellavit,
1277 2941 1314 3003 et
1335 2941 1436 3002 erant

430 3205 445 3237 ⁰
460 3196 495 3253 In
509 3196 656 3252 casinensi
671 3196 777 3263 codice,
792 3216 849 3273 qaae
862 3217 920 3254 eam
933 3206 1098 3273 sequantur:
1119 3196 1195 3252 mala
1207 3194 1303 3251 lectio.

432 3307 447 3352 Ρ
462 3293 518 3349 Hic
532 3293 668 3349 nonnulla
681 3293 780 3351 deesse
788 3295 881 3369 palam
896 3303 949 3351 est.
980 3294 1075 3360 Forte,
1090 3294 1118 3349 is
1128 3312 1181 3368 qao
1195 3310 1255 3348 cum
1269 3292 1315 3347 dis
1329 3290 1435 3347 hahita·

390 3400 441 3455 ret,
463 3392 627 3467 depravatus
646 3398 696 3454 est,
717 3410 775 3447 cum
788 3391 983 3465 AEyyptiorum
1003 3390 1163 3464 sapientiam
1177 3389 1325 3444 didicisset.
1361 3385 1435 3443 Cod.

391 3492 464 3565 Reg.
479 3490 563 3546 Alex.
576 3489 644 3545 Vnt.
660 3489 688 3544 in
702 3507 753 3562 qao
767 3507 825 3544 cum
840 3487 984 3552 dubitaret,
998 3495 1025 3542 et
1040 3486 1244 3560 AEyyptierum.
1278 3484 1351 3540 Mox
1366 3482 1435 3539 ibid.

390 3588 483 3643 testati
502 3595 574 3652 suat,
592 3604 652 3659 pro,
670 3585 810 3658 testificati
829 3593 900 3640 sam.
935 3583 1014 3655 (For.
1031 3582 1194 3657 legendum,
1209 3582 1238 3637 in
1251 3600 1303 3656 psa
1322 3598 1383 3636 cum
1404 3597 1436 3635 ea

390 3684 532 3740 inhiaret.

430 3789 446 3832 q
468 3778 506 3833 Et
526 3688 573 3832 liic
593 3775 759 3831 manifestus
778 3783 822 3831 est
837 3773 943 3830 librarii
962 3791 1041 3829 error
1058 3772 1086 3827 in
1106 3772 1204 3828 codice
1227 3767 1387 3834 casinensi,
1406 3768 1436 3824 in

390 3895 457 3950 quo,
472 3873 604 3930 scribitur
620 3871 780 3937 resonem
798 3890 865 3927 nam
887 3870 1011 3945 Cyrillus
1033 3868 1224 3942 Hierosolym.
1243 3864 1395 3922 Catechesi
1409 3864 1437 3919 6.

390 3968 487 4026 etalii
509 3985 608 4024 omues
629 3967 779 4038 Τὲρβινθον,
797 3963 978 4027 Terbiatiam,
998 3982 1048 4019 seu
1070 3961 1267 4025 Terebinthum,
1290 3958 1439 4034 Scythiani

390 4065 558 4140 discipulum
571 4062 687 4119 faciunt.
730 4060 807 4128 Quin
822 4069 852 4117 et
864 4062 893 4117 in
908 4079 986 4133 seqq.
1002 4059 1105 4132 ubique
1121 4059 1281 4115 Tercvestss
1295 4055 1436 4112 scribitur.

391 4163 477 4232 Quod
491 4180 557 4219 vcro
568 4159 608 4216 ait
617 4158 782 4224 Archelaus,
792 4158 867 4214 bunc
879 4155 1035 4231 Scythiano
1049 4155 1194 4230 scripsisse
1205 4161 1326 4228 quatuor
1339 4151 1438 4215 libros,

390 4279 461 4336 quos
474 4265 612 4323 recenset,
627 4255 800 4312 contrarium
813 4262 858 4311 est
872 4252 971 4326 Cyn‘ili
982 4270 1050 4309 mox
1063 4251 1169 4308 laudati
1180 4248 1345 4314 narrationi,
1361 4247 1437 4304 aliis·

391 4373 454 4429 que,
476 4355 523 4428 qui
543 4352 728 4428 scythianum
752 4351 843 4408 solum
864 4367 962 4406 eorum
985 4358 1130 4405 auctorem
1153 4351 1323 4422 agnoscunt.
1357 4342 1438 4398 idem

390 4451 453 4507 cod.
468 4450 535 4506 Vat.
552 4450 692 4524 quendam,
707 4449 753 4524 qui
772 4447 894 4522 scripsit.
931 4444 1019 4501 Paulo
1040 4453 1114 4519 post,
1133 4444 1244 4500 tertium
1264 4458 1328 4497 vero
1343 4438 1437 4496 ans·

390 4547 499 4622 pelium.

875 4657 893 4696 s
907 4635 928 4696 b
946 4652 963 4695 2
