<?xml version="1.0" encoding="UTF-8"?>
<!DOCTYPE html PUBLIC "-//W3C//DTD XHTML 1.0 Transitional//EN"
    "http://www.w3.org/TR/xhtml1/DTD/xhtml1-transitional.dtd">
<html xmlns="http://www.w3.org/1999/xhtml" xml:lang="en" lang="en">
 <head>
  <title>
</title>
<meta http-equiv="Content-Type" content="text/html;charset=utf-8" />
  <meta name='ocr-system' content='tesseract 3.04.00' />
  <meta name='ocr-capabilities' content='ocr_page ocr_carea ocr_par ocr_line ocrx_word'/>
</head>
<body>
  <div class='ocr_page' id='page_1' title='image "./reliquiaesacrae02routgoog_0064.png"; bbox 0 0 3817 5692; ppageno 0'>
   <div class='ocr_carea' id='block_1_1' title="bbox 509 698 1328 763">
    <p class='ocr_par' dir='ltr' id='par_1_1' title="bbox 509 698 1328 763">
     <span class='ocr_line' id='line_1_1' title="bbox 509 698 1328 763; baseline -0.004 0"><span class='ocrx_word' id='word_1_1' title='bbox 509 703 552 763; x_wconf 87' lang='lat'>50</span> <span class='ocrx_word' id='word_1_2' title='bbox 740 698 993 763; x_wconf 83' lang='lat' dir='ltr'>ARCHELAI</span> <span class='ocrx_word' id='word_1_3' title='bbox 1020 698 1083 760; x_wconf 83' lang='grc' dir='ltr'>ΕΤ</span> <span class='ocrx_word' id='word_1_4' title='bbox 1108 698 1328 762; x_wconf 82' lang='lat' dir='ltr'>MANETIS</span> 
     </span>
    </p>
   </div>
   <div class='ocr_carea' id='block_1_2' title="bbox 507 869 1557 1347">
    <p class='ocr_par' dir='ltr' id='par_1_2' title="bbox 507 869 1557 1347">
     <span class='ocr_line' id='line_1_2' title="bbox 509 869 1555 973; baseline 0 -24"><span class='ocrx_word' id='word_1_5' title='bbox 509 870 667 970; x_wconf 80' lang='grc' dir='ltr'>δύναμιν,</span> <span class='ocrx_word' id='word_1_6' title='bbox 700 872 896 973; x_wconf 62' lang='grc' dir='ltr'>λεγομείυην</span> <span class='ocrx_word' id='word_1_7' title='bbox 932 871 1082 972; x_wconf 82' lang='grc' dir='ltr'>Μητέρα</span> <span class='ocrx_word' id='word_1_8' title='bbox 1118 874 1181 967; x_wconf 79' lang='grc' dir='ltr'>τῆς</span> <span class='ocrx_word' id='word_1_9' title='bbox 1218 869 1317 970; x_wconf 74' lang='grc' dir='ltr'><strong><em>ζωῆς,</em></strong></span> <span class='ocrx_word' id='word_1_10' title='bbox 1351 873 1409 947; x_wconf 79' lang='grc' dir='ltr'>καὶ</span> <span class='ocrx_word' id='word_1_11' title='bbox 1446 870 1555 969; x_wconf 77' lang='grc' dir='ltr'>αὐτὴν</span> 
     </span>
     <span class='ocr_line' id='line_1_3' title="bbox 507 993 1556 1097; baseline -0.003 -22"><span class='ocrx_word' id='word_1_12' title='bbox 507 994 797 1097; x_wconf 82' lang='grc' dir='ltr'>προβεβληκέναι</span> <span class='ocrx_word' id='word_1_13' title='bbox 841 993 905 1074; x_wconf 83' lang='grc' dir='ltr'>τὸν</span> <span class='ocrx_word' id='word_1_14' title='bbox 943 1001 1087 1096; x_wconf 81' lang='grc' dir='ltr'>πρῶτον</span> <span class='ocrx_word' id='word_1_15' title='bbox 1126 995 1325 1097; x_wconf 76' lang='grc' dir='ltr'>ἅνθρουτον,</span> <span class='ocrx_word' id='word_1_16' title='bbox 1362 994 1408 1072; x_wconf 82' lang='grc' dir='ltr'>τὰ</span> <span class='ocrx_word' id='word_1_17' title='bbox 1451 996 1556 1074; x_wconf 87' lang='grc' dir='ltr'>πέντε</span> 
     </span>
     <span class='ocr_line' id='line_1_4' title="bbox 509 1121 1553 1226; baseline -0.001 -27"><span class='ocrx_word' id='word_1_18' title='bbox 509 1129 678 1226; x_wconf 85' lang='grc' dir='ltr'>στοιχεῖα.</span> <span class='ocrx_word' id='word_1_19' title='bbox 717 1125 786 1201; x_wconf 78' lang='grc' dir='ltr'>εἰσὶ</span> <span class='ocrx_word' id='word_1_20' title='bbox 815 1121 862 1217; x_wconf 76' lang='grc' dir='ltr'>δὲ,</span> <span class='ocrx_word' id='word_1_21' title='bbox 887 1122 1026 1219; x_wconf 73' lang='grc' dir='ltr'>ἄνεμος,</span> <span class='ocrx_word' id='word_1_22' title='bbox 1046 1127 1135 1224; x_wconf 75' lang='grc' dir='ltr'><strong><em>φῶς,</em></strong></span> <span class='ocrx_word' id='word_1_23' title='bbox 1159 1123 1264 1222; x_wconf 82' lang='grc' dir='ltr'>ὕδωρ,</span> <span class='ocrx_word' id='word_1_24' title='bbox 1281 1127 1365 1222; x_wconf 83' lang='grc' dir='ltr'>πῦρ,</span> <span class='ocrx_word' id='word_1_25' title='bbox 1384 1123 1442 1198; x_wconf 83' lang='grc' dir='ltr'>καὶ</span> <span class='ocrx_word' id='word_1_26' title='bbox 1471 1123 1553 1218; x_wconf 83' lang='grc' dir='ltr'>ὕλη.</span> 
     </span>
     <span class='ocr_line' id='line_1_5' title="bbox 509 1243 1557 1347; baseline -0.002 -23"><span class='ocrx_word' id='word_1_27' title='bbox 509 1249 567 1324; x_wconf 84' lang='grc' dir='ltr'>καὶ</span> <span class='ocrx_word' id='word_1_28' title='bbox 600 1253 713 1325; x_wconf 84' lang='grc' dir='ltr'>ταῦτα</span> <span class='ocrx_word' id='word_1_29' title='bbox 744 1244 992 1343; x_wconf 86' lang='grc' dir='ltr'>ε’νδυσυὶμενον,</span> <span class='ocrx_word' id='word_1_30' title='bbox 1017 1248 1064 1328; x_wconf 76' lang='grc' dir='ltr'>ὡς</span> <span class='ocrx_word' id='word_1_31' title='bbox 1091 1245 1182 1347; x_wconf 74' lang='grc' dir='ltr'>πρὸς</span> <span class='ocrx_word' id='word_1_32' title='bbox 1209 1243 1431 1343; x_wconf 80' lang='grc' dir='ltr'>κατασκευὴν</span> <span class='ocrx_word' id='word_1_33' title='bbox 1448 1244 1557 1325; x_wconf 83' lang='grc' dir='ltr'>πολέ-</span> 
     </span>
    </p>
   </div>
   <div class='ocr_carea' id='block_1_3' title="bbox 508 1368 1556 1477">
    <p class='ocr_par' dir='ltr' id='par_1_3' title="bbox 508 1368 1556 1477">
     <span class='ocr_line' id='line_1_6' title="bbox 508 1368 1556 1477; baseline -0.001 -27"><span class='ocrx_word' id='word_1_34' title='bbox 508 1405 587 1469; x_wconf 90' lang='grc' dir='ltr'>μου,</span> <span class='ocrx_word' id='word_1_35' title='bbox 606 1379 789 1454; x_wconf 83' lang='grc' dir='ltr'>κατελθεῖν</span> <span class='ocrx_word' id='word_1_36' title='bbox 808 1370 913 1466; x_wconf 82' lang='grc' dir='ltr'>κάτω,</span> <span class='ocrx_word' id='word_1_37' title='bbox 933 1375 992 1449; x_wconf 76' lang='grc' dir='ltr'>καὶ</span> <span class='ocrx_word' id='word_1_38' title='bbox 1009 1376 1215 1470; x_wconf 80' lang='grc' dir='ltr'>πολεμῆσαι</span> <span class='ocrx_word' id='word_1_39' title='bbox 1233 1377 1284 1477; x_wconf 75' lang='grc' dir='ltr'>τῷ</span> <span class='ocrx_word' id='word_1_40' title='bbox 1302 1370 1435 1450; x_wconf 84' lang='grc' dir='ltr'>σκότει.</span> <span class='ocrx_word' id='word_1_41' title='bbox 1467 1375 1500 1449; x_wconf 84' lang='lat' dir='ltr'>oi</span> <span class='ocrx_word' id='word_1_42' title='bbox 1518 1368 1556 1449; x_wconf 73' lang='grc' dir='ltr'>δὲ</span> 
     </span>
    </p>
   </div>
   <div class='ocr_carea' id='block_1_4' title="bbox 507 1496 1557 2360">
    <p class='ocr_par' dir='ltr' id='par_1_4' title="bbox 507 1496 1557 2360">
     <span class='ocr_line' id='line_1_7' title="bbox 509 1496 1557 1603; baseline -0.001 -28"><span class='ocrx_word' id='word_1_43' title='bbox 509 1506 572 1575; x_wconf 84' lang='grc' dir='ltr'>τοῦ</span> <span class='ocrx_word' id='word_1_44' title='bbox 590 1496 743 1581; x_wconf 77' lang='grc' dir='ltr'>σκότους</span> <span class='ocrx_word' id='word_1_45' title='bbox 767 1498 936 1600; x_wconf 75' lang='grc' dir='ltr'>ἄρχοντες</span> <span class='ocrx_word' id='word_1_46' title='bbox 959 1501 1277 1594; x_wconf 77' lang='grc' dir='ltr'>ἀντιπολεμοῦντες</span> <span class='ocrx_word' id='word_1_47' title='bbox 1295 1499 1401 1603; x_wconf 74' lang='grc' dir='ltr'>αὐτῷ,</span> <span class='ocrx_word' id='word_1_48' title='bbox 1420 1497 1557 1602; x_wconf 79' lang='grc' dir='ltr'>ἔφαγον</span> 
     </span>
     <span class='ocr_line' id='line_1_8' title="bbox 509 1622 1554 1728; baseline -0.002 -27"><span class='ocrx_word' id='word_1_49' title='bbox 509 1626 547 1701; x_wconf 81' lang='grc' dir='ltr'>ἐκ</span> <span class='ocrx_word' id='word_1_50' title='bbox 575 1628 637 1722; x_wconf 72' lang='grc' dir='ltr'>τῆς</span> <span class='ocrx_word' id='word_1_51' title='bbox 665 1626 868 1707; x_wconf 76' lang='grc' dir='ltr'>πανοπλίας</span> <span class='ocrx_word' id='word_1_52' title='bbox 894 1625 1011 1720; x_wconf 77' lang='grc' dir='ltr'>αὐτοῦ,</span> <span class='ocrx_word' id='word_1_53' title='bbox 1031 1623 1051 1702; x_wconf 82' lang='grc' dir='ltr'>ὅ</span> <span class='ocrx_word' id='word_1_54' title='bbox 1074 1626 1174 1702; x_wconf 81' lang='grc' dir='ltr'>ἐστιν</span> <span class='ocrx_word' id='word_1_55' title='bbox 1192 1626 1215 1721; x_wconf 82' lang='grc' dir='ltr'><em>ἡ</em></span> <span class='ocrx_word' id='word_1_56' title='bbox 1234 1622 1347 1728; x_wconf 77' lang='grc' dir='ltr'>ψυχή.</span> <span class='ocrx_word' id='word_1_57' title='bbox 1383 1622 1464 1702; x_wconf 88' lang='grc' dir='ltr'>τότε</span> <span class='ocrx_word' id='word_1_58' title='bbox 1482 1626 1554 1700; x_wconf 84' lang='grc' dir='ltr'>δει-</span> 
     </span>
     <span class='ocr_line' id='line_1_9' title="bbox 508 1746 1556 1851; baseline -0.002 -23"><span class='ocrx_word' id='word_1_59' title='bbox 508 1756 577 1833; x_wconf 76' lang='grc' dir='ltr'>νῶς</span> <span class='ocrx_word' id='word_1_60' title='bbox 605 1751 732 1849; x_wconf 81' lang='grc' dir='ltr'>ἐθλίβη</span> <span class='ocrx_word' id='word_1_61' title='bbox 760 1753 832 1829; x_wconf 84' lang='grc' dir='ltr'>ἐκεῖ</span> <span class='ocrx_word' id='word_1_62' title='bbox 859 1749 954 1829; x_wconf 82' lang='grc' dir='ltr'>κάτω</span> <span class='ocrx_word' id='word_1_63' title='bbox 984 1752 1004 1828; x_wconf 86' lang='grc' dir='ltr'>ὁ</span> <span class='ocrx_word' id='word_1_64' title='bbox 1031 1756 1171 1851; x_wconf 81' lang='grc' dir='ltr'>πρῶτος</span> <span class='ocrx_word' id='word_1_65' title='bbox 1196 1747 1384 1850; x_wconf 74' lang='grc' dir='ltr'>ἅνθρωπος</span> <span class='ocrx_word' id='word_1_66' title='bbox 1406 1746 1475 1828; x_wconf 77' lang='grc' dir='ltr'>ὑπὸ</span> <span class='ocrx_word' id='word_1_67' title='bbox 1492 1756 1556 1827; x_wconf 86' lang='grc' dir='ltr'>τοῦ</span> 
     </span>
     <span class='ocr_line' id='line_1_10' title="bbox 508 1875 1555 1982; baseline -0.001 -26"><span class='ocrx_word' id='word_1_68' title='bbox 508 1877 671 1974; x_wconf 77' lang='grc' dir='ltr'>σκότους,</span> <span class='ocrx_word' id='word_1_69' title='bbox 697 1881 754 1957; x_wconf 83' lang='grc' dir='ltr'>καὶ</span> <span class='ocrx_word' id='word_1_70' title='bbox 786 1884 815 1956; x_wconf 81' lang='grc' dir='ltr'>εἷ</span> <span class='ocrx_word' id='word_1_71' title='bbox 845 1876 894 1975; x_wconf 80' lang='grc' dir='ltr'>μὴ</span> <span class='ocrx_word' id='word_1_72' title='bbox 924 1875 1118 1982; x_wconf 75' lang='grc' dir='ltr'>εὐξαμένου</span> <span class='ocrx_word' id='word_1_73' title='bbox 1146 1875 1358 1975; x_wconf 79' lang='grc' dir='ltr'>εἰσήκουσεν</span> <span class='ocrx_word' id='word_1_74' title='bbox 1377 1879 1397 1955; x_wconf 88' lang='grc' dir='ltr'><strong>ὁ</strong></span> <span class='ocrx_word' id='word_1_75' title='bbox 1417 1875 1555 1980; x_wconf 81' lang='grc' dir='ltr'>Πατὴρ,</span> 
     </span>
     <span class='ocr_line' id='line_1_11' title="bbox 507 2001 1554 2106; baseline 0.001 -26"><span class='ocrx_word' id='word_1_76' title='bbox 507 2006 566 2080; x_wconf 84' lang='grc' dir='ltr'>καὶ</span> <span class='ocrx_word' id='word_1_77' title='bbox 603 2001 814 2082; x_wconf 82' lang='grc' dir='ltr'>ἀπέστειλεν</span> <span class='ocrx_word' id='word_1_78' title='bbox 846 2003 968 2105; x_wconf 80' lang='grc' dir='ltr'>ἑτέραν</span> <span class='ocrx_word' id='word_1_79' title='bbox 999 2002 1148 2101; x_wconf 80' lang='grc' dir='ltr'>δυ’ναμιν</span> <span class='ocrx_word' id='word_1_80' title='bbox 1183 2009 1457 2106; x_wconf 83' lang='grc' dir='ltr'>προβληθεῖσαν</span> <span class='ocrx_word' id='word_1_81' title='bbox 1494 2005 1554 2081; x_wconf 78' lang='grc' dir='ltr'>ὑπ’</span> 
     </span>
     <span class='ocr_line' id='line_1_12' title="bbox 507 2126 1557 2229; baseline 0.001 -24"><span class='ocrx_word' id='word_1_82' title='bbox 507 2129 625 2223; x_wconf 81' lang='grc' dir='ltr'>αὐτοῦ,</span> <span class='ocrx_word' id='word_1_83' title='bbox 644 2130 841 2229; x_wconf 77' lang='grc' dir='ltr'>λεγομένην</span> <span class='ocrx_word' id='word_1_84' title='bbox 869 2126 937 2228; x_wconf 79' lang='grc' dir='ltr'>ζῶν</span> <span class='ocrx_word' id='word_1_85' title='bbox 965 2134 1124 2227; x_wconf 78' lang='grc' dir='ltr'>Πνεῦμα,</span> <span class='ocrx_word' id='word_1_86' title='bbox 1148 2133 1206 2208; x_wconf 80' lang='grc' dir='ltr'>καὶ</span> <span class='ocrx_word' id='word_1_87' title='bbox 1235 2136 1265 2208; x_wconf 81' lang='grc' dir='ltr'>εὶ</span> <span class='ocrx_word' id='word_1_88' title='bbox 1294 2129 1343 2228; x_wconf 87' lang='grc' dir='ltr'>μὴ</span> <span class='ocrx_word' id='word_1_89' title='bbox 1374 2126 1557 2208; x_wconf 78' lang='grc' dir='ltr'>κατελθὼν</span> 
     </span>
     <span class='ocr_line' id='line_1_13' title="bbox 508 2253 1555 2360; baseline 0.006 -29"><span class='ocrx_word' id='word_1_90' title='bbox 508 2254 656 2332; x_wconf 84' lang='grc' dir='ltr'>δέδωκεν</span> <span class='ocrx_word' id='word_1_91' title='bbox 674 2254 770 2360; x_wconf 76' lang='grc' dir='ltr'>αὐτῷ</span> <span class='ocrx_word' id='word_1_92' title='bbox 788 2253 918 2359; x_wconf 80' lang='grc' dir='ltr'>δεξιὰν,</span> <span class='ocrx_word' id='word_1_93' title='bbox 940 2257 999 2333; x_wconf 81' lang='grc' dir='ltr'>καὶ</span> <span class='ocrx_word' id='word_1_94' title='bbox 1021 2253 1212 2358; x_wconf 77' lang='grc' dir='ltr'>ἀνήνεγκεν</span> <span class='ocrx_word' id='word_1_95' title='bbox 1235 2259 1275 2335; x_wconf 81' lang='grc' dir='ltr'>ἐκ</span> <span class='ocrx_word' id='word_1_96' title='bbox 1302 2265 1366 2336; x_wconf 84' lang='grc' dir='ltr'>τοῦ</span> <span class='ocrx_word' id='word_1_97' title='bbox 1393 2253 1555 2350; x_wconf 71' lang='grc' dir='ltr'>σκότους,</span> 
     </span>
    </p>
   </div>
   <div class='ocr_carea' id='block_1_5' title="bbox 505 2468 1556 3321">
    <p class='ocr_par' dir='ltr' id='par_1_5' title="bbox 505 2468 1556 3321">
     <span class='ocr_line' id='line_1_14' title="bbox 508 2468 1555 2554; baseline 0 -23"><span class='ocrx_word' id='word_1_98' title='bbox 508 2468 642 2546; x_wconf 86' lang='lat' dir='ltr'>venisse,</span> <span class='ocrx_word' id='word_1_99' title='bbox 659 2469 831 2553; x_wconf 80' lang='lat' dir='ltr'>uproduxit</span> <span class='ocrx_word' id='word_1_100' title='bbox 847 2491 887 2533; x_wconf 83' lang='lat' dir='ltr'>ex</span> <span class='ocrx_word' id='word_1_101' title='bbox 903 2492 936 2534; x_wconf 88' lang='lat' dir='ltr'>se</span> <span class='ocrx_word' id='word_1_102' title='bbox 951 2470 1012 2534; x_wconf 87' lang='lat' dir='ltr'>vir·</span> <span class='ocrx_word' id='word_1_103' title='bbox 1056 2469 1261 2533; x_wconf 81' lang='lat' dir='ltr'>tenebrarum</span> <span class='ocrx_word' id='word_1_104' title='bbox 1298 2468 1472 2554; x_wconf 80' lang='lat' dir='ltr'>Principes,</span> <span class='ocrx_word' id='word_1_105' title='bbox 1505 2489 1555 2531; x_wconf 89' lang='lat' dir='ltr'>re·</span> 
     </span>
     <span class='ocr_line' id='line_1_15' title="bbox 507 2554 1556 2639; baseline -0.001 -23"><span class='ocrx_word' id='word_1_106' title='bbox 507 2560 622 2631; x_wconf 79' lang='lat' dir='ltr'>tutem,</span> <span class='ocrx_word' id='word_1_107' title='bbox 652 2575 723 2638; x_wconf 85' lang='lat' dir='ltr'>quee</span> <span class='ocrx_word' id='word_1_108' title='bbox 754 2554 871 2619; x_wconf 82' lang='lat' dir='ltr'>dicitur</span> <span class='ocrx_word' id='word_1_109' title='bbox 902 2555 1012 2619; x_wconf 82' lang='lat' dir='ltr'>Meter</span> <span class='ocrx_word' id='word_1_110' title='bbox 1055 2560 1235 2639; x_wconf 70' lang='lat' dir='ltr'>pugnantes</span> <span class='ocrx_word' id='word_1_111' title='bbox 1271 2554 1311 2631; x_wconf 88' lang='lat' dir='ltr'>ei,</span> <span class='ocrx_word' id='word_1_112' title='bbox 1351 2554 1556 2618; x_wconf 83' lang='lat' dir='ltr'>comederunt</span> 
     </span>
     <span class='ocr_line' id='line_1_16' title="bbox 507 2638 1556 2724; baseline -0.001 -23"><span class='ocrx_word' id='word_1_113' title='bbox 507 2638 593 2717; x_wconf 79' lang='lat' dir='ltr'>vitae,</span> <span class='ocrx_word' id='word_1_114' title='bbox 618 2654 699 2724; x_wconf 78' lang='lat' dir='ltr'>rquo</span> <span class='ocrx_word' id='word_1_115' title='bbox 727 2638 848 2703; x_wconf 79' lang='lat' dir='ltr'>virtute</span> <span class='ocrx_word' id='word_1_116' title='bbox 878 2640 1010 2704; x_wconf 88' lang='lat' dir='ltr'>circum·</span> <span class='ocrx_word' id='word_1_117' title='bbox 1055 2641 1095 2704; x_wconf 88' lang='lat' dir='ltr'>do</span> <span class='ocrx_word' id='word_1_118' title='bbox 1117 2646 1282 2704; x_wconf 79' lang='lat' dir='ltr'>armatura</span> <span class='ocrx_word' id='word_1_119' title='bbox 1303 2640 1382 2723; x_wconf 85' lang='lat' dir='ltr'>ejus,</span> <span class='ocrx_word' id='word_1_120' title='bbox 1400 2638 1485 2723; x_wconf 90' lang='lat' dir='ltr'>quod</span> <span class='ocrx_word' id='word_1_121' title='bbox 1507 2644 1556 2701; x_wconf 83' lang='lat' dir='ltr'>est</span> 
     </span>
     <span class='ocr_line' id='line_1_17' title="bbox 506 2724 1553 2810; baseline -0.001 -23"><span class='ocrx_word' id='word_1_122' title='bbox 506 2724 596 2787; x_wconf 76' lang='lat' dir='ltr'>dedit·</span> <span class='ocrx_word' id='word_1_123' title='bbox 607 2726 744 2808; x_wconf 85' lang='lat' dir='ltr'>primum</span> <span class='ocrx_word' id='word_1_124' title='bbox 755 2724 923 2801; x_wconf 87' lang='lat' dir='ltr'>bominem,</span> <span class='ocrx_word' id='word_1_125' title='bbox 936 2748 1008 2810; x_wconf 83' lang='lat' dir='ltr'>quoe</span> <span class='ocrx_word' id='word_1_126' title='bbox 1052 2726 1166 2789; x_wconf 80' lang='lat' dir='ltr'>enimn.</span> <span class='ocrx_word' id='word_1_127' title='bbox 1214 2725 1303 2789; x_wconf 86' lang='lat' dir='ltr'>Tunc</span> <span class='ocrx_word' id='word_1_128' title='bbox 1325 2724 1368 2788; x_wconf 92' lang='lat' dir='ltr'>ibi</span> <span class='ocrx_word' id='word_1_129' title='bbox 1389 2724 1553 2787; x_wconf 88' lang='lat' dir='ltr'>vehemen-</span> 
     </span>
     <span class='ocr_line' id='line_1_18' title="bbox 505 2809 1552 2894; baseline -0.002 -22"><span class='ocrx_word' id='word_1_130' title='bbox 505 2817 582 2873; x_wconf 83' lang='lat' dir='ltr'>sunt</span> <span class='ocrx_word' id='word_1_131' title='bbox 602 2812 739 2894; x_wconf 88' lang='lat' dir='ltr'>quinque</span> <span class='ocrx_word' id='word_1_132' title='bbox 761 2811 929 2888; x_wconf 81' lang='lat' dir='ltr'>elemento,</span> <span class='ocrx_word' id='word_1_133' title='bbox 945 2812 1009 2875; x_wconf 80' lang='lat' dir='ltr'>⁸id-</span> <span class='ocrx_word' id='word_1_134' title='bbox 1034 2818 1103 2890; x_wconf 71' lang='lat' dir='ltr'>¹tex·</span> <span class='ocrx_word' id='word_1_135' title='bbox 1143 2809 1279 2874; x_wconf 75' lang='lat' dir='ltr'>afflictus</span> <span class='ocrx_word' id='word_1_136' title='bbox 1315 2824 1364 2873; x_wconf 80' lang='lat' dir='ltr'>esu</span> <span class='ocrx_word' id='word_1_137' title='bbox 1405 2810 1552 2872; x_wconf 83' lang='lat' dir='ltr'>deorsum</span> 
     </span>
     <span class='ocr_line' id='line_1_19' title="bbox 505 2894 1554 2980; baseline 0 -23"><span class='ocrx_word' id='word_1_138' title='bbox 505 2900 566 2970; x_wconf 80' lang='lat' dir='ltr'>est,</span> <span class='ocrx_word' id='word_1_139' title='bbox 583 2904 707 2972; x_wconf 83' lang='lat' dir='ltr'>ventus,</span> <span class='ocrx_word' id='word_1_140' title='bbox 722 2895 787 2967; x_wconf 89' lang='lat' dir='ltr'>lux,</span> <span class='ocrx_word' id='word_1_141' title='bbox 803 2917 898 2980; x_wconf 82' lang='lat' dir='ltr'>equo,</span> <span class='ocrx_word' id='word_1_142' title='bbox 914 2895 1006 2980; x_wconf 84' lang='lat' dir='ltr'>ignis,</span> <span class='ocrx_word' id='word_1_143' title='bbox 1051 2895 1192 2980; x_wconf 79' lang='lat' dir='ltr'>uprimus</span> <span class='ocrx_word' id='word_1_144' title='bbox 1214 2917 1328 2979; x_wconf 79' lang='lat' dir='ltr'>parens</span> <span class='ocrx_word' id='word_1_145' title='bbox 1350 2894 1445 2959; x_wconf 91' lang='lat' dir='ltr'>homo</span> <span class='ocrx_word' id='word_1_146' title='bbox 1464 2917 1485 2958; x_wconf 86' lang='lat' dir='ltr'>o</span> <span class='ocrx_word' id='word_1_147' title='bbox 1506 2901 1554 2957; x_wconf 85' lang='lat' dir='ltr'>te·</span> 
     </span>
     <span class='ocr_line' id='line_1_20' title="bbox 506 2980 1554 3063; baseline -0.001 -21"><span class='ocrx_word' id='word_1_148' title='bbox 506 2985 539 3042; x_wconf 83' lang='lat' dir='ltr'>et</span> <span class='ocrx_word' id='word_1_149' title='bbox 562 2980 708 3056; x_wconf 80' lang='lat' dir='ltr'>materie,</span> <span class='ocrx_word' id='word_1_150' title='bbox 729 2980 843 3063; x_wconf 88' lang='lat' dir='ltr'>quibus</span> <span class='ocrx_word' id='word_1_151' title='bbox 865 2981 1007 3057; x_wconf 84' lang='lat' dir='ltr'>indutus,</span> <span class='ocrx_word' id='word_1_152' title='bbox 1052 2980 1169 3057; x_wconf 81' lang='lat' dir='ltr'>nebris,</span> <span class='ocrx_word' id='word_1_153' title='bbox 1184 2988 1217 3044; x_wconf 83' lang='lat' dir='ltr'>et</span> <span class='ocrx_word' id='word_1_154' title='bbox 1237 2980 1299 3044; x_wconf 87' lang='lat' dir='ltr'>nisi</span> <span class='ocrx_word' id='word_1_155' title='bbox 1318 2987 1462 3044; x_wconf 74' lang='lat' dir='ltr'>orontem</span> <span class='ocrx_word' id='word_1_156' title='bbox 1481 3000 1554 3043; x_wconf 89' lang='lat' dir='ltr'>eum</span> 
     </span>
     <span class='ocr_line' id='line_1_21' title="bbox 506 3063 1553 3146; baseline -0.001 -19"><span class='ocrx_word' id='word_1_157' title='bbox 506 3072 661 3146; x_wconf 78' lang='lat' dir='ltr'>tunquam</span> <span class='ocrx_word' id='word_1_158' title='bbox 676 3065 731 3128; x_wconf 73' lang='lat' dir='ltr'>‘od</span> <span class='ocrx_word' id='word_1_159' title='bbox 756 3073 905 3146; x_wconf 83' lang='lat' dir='ltr'>puratum</span> <span class='ocrx_word' id='word_1_160' title='bbox 923 3065 1008 3142; x_wconf 87' lang='lat' dir='ltr'>belli,</span> <span class='ocrx_word' id='word_1_161' title='bbox 1052 3066 1235 3129; x_wconf 83' lang='lat' dir='ltr'>exaudisset</span> <span class='ocrx_word' id='word_1_162' title='bbox 1262 3068 1372 3143; x_wconf 79' lang='lat' dir='ltr'>Peter,</span> <span class='ocrx_word' id='word_1_163' title='bbox 1396 3073 1430 3129; x_wconf 83' lang='lat' dir='ltr'>et</span> <span class='ocrx_word' id='word_1_164' title='bbox 1453 3063 1553 3128; x_wconf 88' lang='lat' dir='ltr'>misis-</span> 
     </span>
     <span class='ocr_line' id='line_1_22' title="bbox 506 3148 1554 3236; baseline 0.001 -25"><span class='ocrx_word' id='word_1_165' title='bbox 506 3148 670 3212; x_wconf 74' lang='lat' dir='ltr'>descendiu</span> <span class='ocrx_word' id='word_1_166' title='bbox 692 3150 840 3213; x_wconf 85' lang='lat' dir='ltr'>deorsum</span> <span class='ocrx_word' id='word_1_167' title='bbox 866 3173 1010 3236; x_wconf 81' lang='lat' dir='ltr'>pugnare</span> <span class='ocrx_word' id='word_1_168' title='bbox 1053 3159 1102 3215; x_wconf 85' lang='lat' dir='ltr'>set</span> <span class='ocrx_word' id='word_1_169' title='bbox 1130 3152 1266 3216; x_wconf 74' lang='lat' dir='ltr'>alteram</span> <span class='ocrx_word' id='word_1_170' title='bbox 1295 3151 1456 3226; x_wconf 77' lang='lat' dir='ltr'>virtutem,</span> <span class='ocrx_word' id='word_1_171' title='bbox 1483 3170 1554 3233; x_wconf 82' lang='lat' dir='ltr'>quae</span> 
     </span>
     <span class='ocr_line' id='line_1_23' title="bbox 505 3233 1554 3321; baseline 0.002 -25"><span class='ocrx_word' id='word_1_172' title='bbox 505 3233 673 3296; x_wconf 72' lang='lat' dir='ltr'>adversum</span> <span class='ocrx_word' id='word_1_173' title='bbox 689 3235 846 3299; x_wconf 76' lang='lat' dir='ltr'>tenebras.</span> <span class='ocrx_word' id='word_1_174' title='bbox 875 3240 1010 3301; x_wconf 75' lang='lat' dir='ltr'>Auvero</span> <span class='ocrx_word' id='word_1_175' title='bbox 1053 3244 1251 3321; x_wconf 77' lang='lat' dir='ltr'><strong>processerat</strong></span> <span class='ocrx_word' id='word_1_176' title='bbox 1269 3258 1310 3300; x_wconf 87' lang='lat' dir='ltr'>ex</span> <span class='ocrx_word' id='word_1_177' title='bbox 1330 3258 1375 3314; x_wconf 84' lang='lat' dir='ltr'>se,</span> <span class='ocrx_word' id='word_1_178' title='bbox 1390 3257 1461 3321; x_wconf 82' lang='lat' dir='ltr'>quae</span> <span class='ocrx_word' id='word_1_179' title='bbox 1478 3233 1554 3299; x_wconf 92' lang='lat' dir='ltr'>dioi-</span> 
     </span>
    </p>
   </div>
   <div class='ocr_carea' id='block_1_6' title="bbox 504 3419 1555 4464">
    <p class='ocr_par' dir='ltr' id='par_1_6' title="bbox 505 3419 1555 3671">
     <span class='ocr_line' id='line_1_24' title="bbox 545 3419 1554 3499; baseline 0 -22"><span class='ocrx_word' id='word_1_180' title='bbox 545 3428 558 3467; x_wconf 69' lang='lat' dir='ltr'>q</span> <span class='ocrx_word' id='word_1_181' title='bbox 581 3419 681 3478; x_wconf 87' lang='lat' dir='ltr'>Codex</span> <span class='ocrx_word' id='word_1_182' title='bbox 696 3421 855 3487; x_wconf 87' lang='lat' dir='ltr'>Bobiensis,</span> <span class='ocrx_word' id='word_1_183' title='bbox 865 3423 998 3498; x_wconf 65' lang='lat' dir='ltr'>producit</span> <span class='ocrx_word' id='word_1_184' title='bbox 1012 3443 1045 3479; x_wconf 70' lang='lat' dir='ltr'>eu</span> <span class='ocrx_word' id='word_1_185' title='bbox 1058 3423 1167 3480; x_wconf 80' lang='lat' dir='ltr'>uirtute.</span> <span class='ocrx_word' id='word_1_186' title='bbox 1212 3424 1382 3487; x_wconf 81' lang='lat' dir='ltr'>Casinensis,</span> <span class='ocrx_word' id='word_1_187' title='bbox 1392 3422 1554 3499; x_wconf 71' lang='lat' dir='ltr'>producerit</span> 
     </span>
     <span class='ocr_line' id='line_1_25' title="bbox 505 3518 1555 3596; baseline 0.001 -23"><span class='ocrx_word' id='word_1_188' title='bbox 505 3525 531 3573; x_wconf 78' lang='lat' dir='ltr'>ct</span> <span class='ocrx_word' id='word_1_189' title='bbox 553 3536 611 3574; x_wconf 81' lang='lat' dir='ltr'>esse</span> <span class='ocrx_word' id='word_1_190' title='bbox 630 3519 767 3576; x_wconf 81' lang='lat' dir='ltr'>uirtutem.</span> <span class='ocrx_word' id='word_1_191' title='bbox 810 3518 870 3577; x_wconf 86' lang='lat' dir='ltr'>Sed</span> <span class='ocrx_word' id='word_1_192' title='bbox 892 3520 1046 3595; x_wconf 88' lang='lat' dir='ltr'>legendum</span> <span class='ocrx_word' id='word_1_193' title='bbox 1068 3539 1104 3577; x_wconf 88' lang='lat' dir='ltr'>ex</span> <span class='ocrx_word' id='word_1_194' title='bbox 1129 3521 1289 3596; x_wconf 80' lang='lat' dir='ltr'>Epiphanio</span> <span class='ocrx_word' id='word_1_195' title='bbox 1311 3521 1353 3578; x_wconf 91' lang='lat' dir='ltr'>nti</span> <span class='ocrx_word' id='word_1_196' title='bbox 1373 3520 1555 3577; x_wconf 81' lang='lat' dir='ltr'>emendatum</span> 
     </span>
     <span class='ocr_line' id='line_1_26' title="bbox 505 3622 558 3671; baseline -0.038 0"><span class='ocrx_word' id='word_1_197' title='bbox 505 3622 558 3671; x_wconf 88' lang='lat' dir='ltr'>est.</span> 
     </span>
    </p>

    <p class='ocr_par' dir='ltr' id='par_1_7' title="bbox 506 3709 1554 3885">
     <span class='ocr_line' id='line_1_27' title="bbox 512 3709 1554 3789; baseline 0.001 -23"><span class='ocrx_word' id='word_1_198' title='bbox 512 3752 516 3760; x_wconf 91' lang='lat'>.</span> <span class='ocrx_word' id='word_1_199' title='bbox 545 3720 558 3750; x_wconf 87' lang='lat' dir='ltr'>r</span> <span class='ocrx_word' id='word_1_200' title='bbox 579 3709 677 3766; x_wconf 86' lang='lat' dir='ltr'>Codex</span> <span class='ocrx_word' id='word_1_201' title='bbox 699 3711 858 3776; x_wconf 85' lang='lat' dir='ltr'>Bobiensis,</span> <span class='ocrx_word' id='word_1_202' title='bbox 879 3731 931 3786; x_wconf 84' lang='lat' dir='ltr'>quo</span> <span class='ocrx_word' id='word_1_203' title='bbox 951 3713 1134 3769; x_wconf 78' lang='lat' dir='ltr'>circumdedit.</span> <span class='ocrx_word' id='word_1_204' title='bbox 1178 3713 1352 3778; x_wconf 68' lang='lat' dir='ltr'>Cannensis,</span> <span class='ocrx_word' id='word_1_205' title='bbox 1368 3732 1426 3789; x_wconf 80' lang='lat' dir='ltr'>quae</span> <span class='ocrx_word' id='word_1_206' title='bbox 1445 3714 1554 3770; x_wconf 79' lang='lat' dir='ltr'>uirtute.</span> 
     </span>
     <span class='ocr_line' id='line_1_28' title="bbox 506 3805 1358 3885; baseline 0.006 -24"><span class='ocrx_word' id='word_1_207' title='bbox 506 3805 564 3861; x_wconf 89' lang='lat' dir='ltr'>Sed</span> <span class='ocrx_word' id='word_1_208' title='bbox 579 3824 615 3861; x_wconf 83' lang='lat' dir='ltr'>ex</span> <span class='ocrx_word' id='word_1_209' title='bbox 630 3806 774 3873; x_wconf 84' lang='lat' dir='ltr'>Bobiensi,</span> <span class='ocrx_word' id='word_1_210' title='bbox 789 3817 818 3864; x_wconf 89' lang='lat' dir='ltr'>et</span> <span class='ocrx_word' id='word_1_211' title='bbox 833 3808 993 3883; x_wconf 86' lang='lat' dir='ltr'>Epiphanio</span> <span class='ocrx_word' id='word_1_212' title='bbox 1008 3810 1168 3875; x_wconf 86' lang='lat' dir='ltr'>emendavi,</span> <span class='ocrx_word' id='word_1_213' title='bbox 1183 3830 1235 3885; x_wconf 83' lang='lat' dir='ltr'>quo</span> <span class='ocrx_word' id='word_1_214' title='bbox 1248 3812 1358 3866; x_wconf 79' lang='lat' dir='ltr'>uirtute.</span> 
     </span>
    </p>

    <p class='ocr_par' dir='ltr' id='par_1_8' title="bbox 505 3903 1555 4176">
     <span class='ocr_line' id='line_1_29' title="bbox 547 3903 1555 3983; baseline 0.002 -24"><span class='ocrx_word' id='word_1_215' title='bbox 547 3914 558 3943; x_wconf 85' lang='lat'>⁸</span> <span class='ocrx_word' id='word_1_216' title='bbox 580 3903 679 3959; x_wconf 83' lang='lat' dir='ltr'>Codex</span> <span class='ocrx_word' id='word_1_217' title='bbox 701 3904 860 3970; x_wconf 90' lang='lat' dir='ltr'>Bobiensis,</span> <span class='ocrx_word' id='word_1_218' title='bbox 882 3907 912 3961; x_wconf 82' lang='lat' dir='ltr'>id</span> <span class='ocrx_word' id='word_1_219' title='bbox 934 3915 985 3971; x_wconf 84' lang='lat' dir='ltr'>est,</span> <span class='ocrx_word' id='word_1_220' title='bbox 1002 3907 1057 3971; x_wconf 77' lang='lat' dir='ltr'>luc,</span> <span class='ocrx_word' id='word_1_221' title='bbox 1076 3926 1156 3983; x_wconf 71' lang='grc' dir='ltr'>αουο,</span> <span class='ocrx_word' id='word_1_222' title='bbox 1179 3909 1260 3983; x_wconf 73' lang='lat' dir='ltr'>ipuis,</span> <span class='ocrx_word' id='word_1_223' title='bbox 1281 3915 1307 3963; x_wconf 79' lang='lat' dir='ltr'>et</span> <span class='ocrx_word' id='word_1_224' title='bbox 1330 3908 1454 3963; x_wconf 76' lang='lat' dir='ltr'>materia.</span> <span class='ocrx_word' id='word_1_225' title='bbox 1496 3904 1555 3963; x_wconf 86' lang='lat' dir='ltr'>Sed</span> 
     </span>
     <span class='ocr_line' id='line_1_30' title="bbox 505 4000 1554 4081; baseline 0.003 -25"><span class='ocrx_word' id='word_1_226' title='bbox 505 4000 680 4075; x_wconf 83' lang='lat' dir='ltr'>Epiphanius</span> <span class='ocrx_word' id='word_1_227' title='bbox 694 4001 773 4077; x_wconf 81' lang='lat' dir='ltr'>legit,</span> <span class='ocrx_word' id='word_1_228' title='bbox 787 4011 890 4069; x_wconf 80' lang='lat' dir='ltr'>uentus,</span> <span class='ocrx_word' id='word_1_229' title='bbox 902 4005 961 4069; x_wconf 72' lang='lat' dir='ltr'>Iesu,</span> <span class='ocrx_word' id='word_1_230' title='bbox 977 4024 1055 4080; x_wconf 86' lang='lat' dir='ltr'>aquo,</span> <span class='ocrx_word' id='word_1_231' title='bbox 1071 4006 1151 4081; x_wconf 75' lang='lat' dir='ltr'>iynis,</span> <span class='ocrx_word' id='word_1_232' title='bbox 1166 4015 1192 4063; x_wconf 79' lang='lat' dir='ltr'>ct</span> <span class='ocrx_word' id='word_1_233' title='bbox 1206 4006 1330 4062; x_wconf 79' lang='lat' dir='ltr'>materia.</span> <span class='ocrx_word' id='word_1_234' title='bbox 1362 4013 1394 4061; x_wconf 90' lang='lat' dir='ltr'>ut</span> <span class='ocrx_word' id='word_1_235' title='bbox 1413 4004 1442 4061; x_wconf 91' lang='lat' dir='ltr'>in</span> <span class='ocrx_word' id='word_1_236' title='bbox 1457 4003 1554 4061; x_wconf 85' lang='lat' dir='ltr'>codice</span> 
     </span>
     <span class='ocr_line' id='line_1_31' title="bbox 506 4098 1311 4176; baseline 0.005 -20"><span class='ocrx_word' id='word_1_237' title='bbox 506 4098 664 4163; x_wconf 69' lang='lat' dir='ltr'>(lesinensi,</span> <span class='ocrx_word' id='word_1_238' title='bbox 680 4099 727 4172; x_wconf 86' lang='lat' dir='ltr'>qui</span> <span class='ocrx_word' id='word_1_239' title='bbox 741 4118 837 4157; x_wconf 83' lang='lat' dir='ltr'>verum</span> <span class='ocrx_word' id='word_1_240' title='bbox 852 4101 968 4158; x_wconf 89' lang='lat' dir='ltr'>exhibet</span> <span class='ocrx_word' id='word_1_241' title='bbox 982 4102 1067 4176; x_wconf 85' lang='lat' dir='ltr'>hujus</span> <span class='ocrx_word' id='word_1_242' title='bbox 1080 4102 1137 4160; x_wconf 88' lang='lat' dir='ltr'>loci</span> <span class='ocrx_word' id='word_1_243' title='bbox 1150 4103 1311 4160; x_wconf 88' lang='lat' dir='ltr'>lectionem.</span> 
     </span>
    </p>

    <p class='ocr_par' dir='ltr' id='par_1_9' title="bbox 546 4194 1158 4273">
     <span class='ocr_line' id='line_1_32' title="bbox 546 4194 1158 4273; baseline 0.007 -23"><span class='ocrx_word' id='word_1_244' title='bbox 546 4195 558 4236; x_wconf 87' lang='lat' dir='ltr'><strong>t</strong></span> <span class='ocrx_word' id='word_1_245' title='bbox 578 4194 753 4270; x_wconf 82' lang='lat' dir='ltr'>Epiphanius</span> <span class='ocrx_word' id='word_1_246' title='bbox 766 4197 846 4272; x_wconf 84' lang='lat' dir='ltr'>legit,</span> <span class='ocrx_word' id='word_1_247' title='bbox 861 4198 898 4254; x_wconf 85' lang='lat' dir='ltr'>od</span> <span class='ocrx_word' id='word_1_248' title='bbox 911 4207 1072 4273; x_wconf 79' lang='lat' dir='ltr'>apparatum</span> <span class='ocrx_word' id='word_1_249' title='bbox 1087 4199 1158 4256; x_wconf 80' lang='lat' dir='ltr'>belli.</span> 
     </span>
    </p>

    <p class='ocr_par' dir='ltr' id='par_1_10' title="bbox 504 4293 1555 4464">
     <span class='ocr_line' id='line_1_33' title="bbox 544 4293 1555 4373; baseline 0.002 -24"><span class='ocrx_word' id='word_1_250' title='bbox 544 4302 562 4334; x_wconf 80' lang='lat'>¹1</span> <span class='ocrx_word' id='word_1_251' title='bbox 583 4293 680 4350; x_wconf 84' lang='lat' dir='ltr'>Codex</span> <span class='ocrx_word' id='word_1_252' title='bbox 702 4293 861 4360; x_wconf 84' lang='lat' dir='ltr'>Bobiensis,</span> <span class='ocrx_word' id='word_1_253' title='bbox 875 4296 1044 4353; x_wconf 84' lang='lat' dir='ltr'>concinente</span> <span class='ocrx_word' id='word_1_254' title='bbox 1060 4297 1230 4371; x_wconf 83' lang='lat' dir='ltr'>Epiphanio,</span> <span class='ocrx_word' id='word_1_255' title='bbox 1241 4298 1349 4373; x_wconf 84' lang='lat' dir='ltr'>primus</span> <span class='ocrx_word' id='word_1_256' title='bbox 1370 4295 1456 4352; x_wconf 76' lang='lat' dir='ltr'>domo.</span> <span class='ocrx_word' id='word_1_257' title='bbox 1503 4294 1555 4368; x_wconf 78' lang='lat' dir='ltr'>[Et</span> 
     </span>
     <span class='ocr_line' id='line_1_34' title="bbox 504 4392 605 4464; baseline 0.01 -18"><span class='ocrx_word' id='word_1_258' title='bbox 504 4392 605 4464; x_wconf 76' lang='lat' dir='ltr'>recte]</span> 
     </span>
    </p>
   </div>
   <div class='ocr_carea' id='block_1_7' title="bbox 505 4526 1554 4704">
    <p class='ocr_par' dir='ltr' id='par_1_11' title="bbox 505 4526 1554 4704">
     <span class='ocr_line' id='line_1_35' title="bbox 505 4526 1554 4608; baseline 0 -25"><span class='ocrx_word' id='word_1_259' title='bbox 505 4526 612 4601; x_wconf 90' lang='lat' dir='ltr'>Opusc.</span> <span class='ocrx_word' id='word_1_260' title='bbox 627 4529 754 4604; x_wconf 77' lang='lat' dir='ltr'>inscript.</span> <span class='ocrx_word' id='word_1_261' title='bbox 785 4530 830 4586; x_wconf 85' lang='lat' dir='ltr'>De</span> <span class='ocrx_word' id='word_1_262' title='bbox 843 4532 957 4606; x_wconf 82' lang='lat' dir='ltr'>quodum</span> <span class='ocrx_word' id='word_1_263' title='bbox 971 4533 1121 4607; x_wconf 73' lang='lat' dir='ltr'>Heqesippi</span> <span class='ocrx_word' id='word_1_264' title='bbox 1133 4533 1309 4608; x_wconf 74' lang='lat' dir='ltr'>Fropmeuto,</span> <span class='ocrx_word' id='word_1_265' title='bbox 1324 4540 1349 4588; x_wconf 80' lang='lat' dir='ltr'>ct</span> <span class='ocrx_word' id='word_1_266' title='bbox 1364 4532 1396 4588; x_wconf 83' lang='lat' dir='ltr'>de</span> <span class='ocrx_word' id='word_1_267' title='bbox 1406 4528 1554 4587; x_wconf 74' lang='lat' dir='ltr'>Nonnullis</span> 
     </span>
     <span class='ocr_line' id='line_1_36' title="bbox 505 4621 1503 4704; baseline 0.003 -25"><span class='ocrx_word' id='word_1_268' title='bbox 505 4621 560 4680; x_wconf 83' lang='lat' dir='ltr'>SS.</span> <span class='ocrx_word' id='word_1_269' title='bbox 574 4624 693 4681; x_wconf 78' lang='lat' dir='ltr'>Petrum</span> <span class='ocrx_word' id='word_1_270' title='bbox 708 4625 793 4683; x_wconf 85' lang='lat' dir='ltr'>Locis</span> <span class='ocrx_word' id='word_1_271' title='bbox 808 4627 974 4696; x_wconf 71' lang='lat' dir='ltr'>Emendatio,</span> <span class='ocrx_word' id='word_1_272' title='bbox 990 4629 1126 4686; x_wconf 83' lang='lat' dir='ltr'>Bononiae</span> <span class='ocrx_word' id='word_1_273' title='bbox 1141 4630 1218 4686; x_wconf 89' lang='lat' dir='ltr'>edito</span> <span class='ocrx_word' id='word_1_274' title='bbox 1233 4648 1279 4685; x_wconf 81' lang='lat' dir='ltr'>an.</span> <span class='ocrx_word' id='word_1_275' title='bbox 1296 4645 1381 4704; x_wconf 79' lang='lat'><strong>¹793·</strong></span> <span class='ocrx_word' id='word_1_276' title='bbox 1397 4647 1426 4701; x_wconf 90' lang='lat' dir='ltr'>p.</span> <span class='ocrx_word' id='word_1_277' title='bbox 1441 4644 1457 4701; x_wconf 87' lang='lat'><em>7</em></span> <span class='ocrx_word' id='word_1_278' title='bbox 1461 4627 1503 4702; x_wconf 84' lang='lat'>5.]</span> 
     </span>
    </p>
   </div>
   <div class='ocr_carea' id='block_1_8' title="bbox 0 0 1914 5692">
    <p class='ocr_par' dir='ltr' id='par_1_12' title="bbox 0 0 1914 5692">
     <span class='ocr_line' id='line_1_37' title="bbox 0 0 1914 5692; baseline 0 0"><span class='ocrx_word' id='word_1_279' title='bbox 0 0 1914 5692; x_wconf 95' lang='lat' dir='ltr'> </span> 
     </span>
    </p>
   </div>
  </div>
 </body>
</html>
