3817 5692
603 670 844 733 RESPONSA
871 669 935 730 AD
959 668 1222 732 EPISCOPOS.
1358 668 1429 749 asl

388 841 548 912 salutem.
601 843 671 912 Sed
691 853 727 912 et
746 844 805 935 qui
824 842 913 913 tales
930 842 1095 910 videntur
1111 843 1215 920 intus,
1230 864 1301 909 non
1317 840 1432 909 solum

388 958 591 1048 spiritaliter
612 959 694 1028 foris
720 968 813 1039 sunt,
831 957 891 1026 sed
919 958 1027 1026 etiam
1054 952 1281 1046 corporaliter
1304 956 1339 1023 in
1363 955 1434 1024 fine

388 1073 650 1163 separabuntur.
703 1073 837 1144 Omnes
867 1074 961 1142 enim
993 1071 1082 1141 tales
1111 1072 1155 1139 ad
1186 1070 1272 1139 nihil
1305 1070 1433 1150 valent,

389 1210 455 1257 neo
482 1188 562 1257 ideo
590 1197 710 1258 tamen
740 1199 996 1257 sacramentum
1024 1185 1246 1277 baptismatis
1275 1186 1369 1275 quod
1397 1185 1433 1252 iu

388 1304 438 1371 eis
455 1311 521 1384 est,
538 1303 625 1372 nihil
643 1311 707 1373 est.
761 1303 856 1373 Nam
884 1311 921 1372 et
947 1304 983 1371 iu
1010 1302 1093 1392 ipsis
1118 1301 1177 1391 qni
1204 1300 1436 1391 projiciuntur

366 1447 371 1454 ·
389 1415 489 1496 foras,
508 1416 536 1484 si
554 1417 758 1506 resipiscant
779 1425 817 1483 et
840 1416 995 1495 redeant,
1013 1414 1106 1484 salus
1123 1415 1174 1484 eis
1191 1437 1268 1504 quae
1286 1436 1436 1483 recesse-

389 1539 443 1598 rat
474 1530 587 1598 redit:
615 1530 791 1618 baptisma
819 1552 901 1598 vero
930 1531 1013 1619 quia
1043 1552 1112 1597 nou
1143 1539 1333 1598 recesserat
1363 1552 1435 1598 non

390 1644 491 1712 redit.
544 1640 593 1712 Et
618 1642 705 1711 illud
733 1643 825 1732 quod
853 1644 903 1711 ait
930 1642 1114 1723 Dominus,
1132 1641 1186 1712 Ita
1211 1665 1300 1737 erpo,
1318 1652 1349 1710 et
1374 1641 1434 1712 do·

390 1769 457 1829 acte
478 1769 602 1854 pentes,
621 1758 831 1853 baptizantes
856 1781 913 1828 eos
939 1760 978 1827 in
1003 1759 1140 1828 nomine
1157 1757 1280 1827 Patris
1298 1767 1329 1827 et
1345 1756 1384 1826 F
1382 1756 1436 1827 ilii
1445 1774 1536 1852 naen.

391 1883 422 1944 et
437 1873 595 1968 Spiritus
618 1874 739 1956 sancti,
758 1896 829 1942 non
847 1874 1005 1964 permisit
1025 1873 1202 1963 baptizare
1219 1874 1286 1941 nisi
1303 1874 1413 1942 bonos
1425 1855 1527 1941 guva.
1543 1855 1580 1904 ¹⁹'

390 1991 472 2080 quia
502 1989 603 2059 malis
634 2013 703 2058 non
732 1989 874 2069 diceret,
899 1988 936 2057 Si
967 1989 1024 2057 cui
1053 1987 1254 2057 dimiseritis
1280 1998 1583 2079 peccataronmx.

390 2107 616 2175 dimittentur
632 2105 686 2187 ei;
713 2106 740 2174 si
765 2106 821 2173 cui
846 2105 1042 2184 tenueritis,
1060 2104 1286 2173 tenebuntur.
1338 2085 1484 2187 Quo-'³'

389 2223 494 2291 modo
521 2245 604 2314 ergo
630 2222 725 2289 intus
752 2219 932 2311 baptizant
957 2219 1052 2299 mali,
1070 2221 1131 2310 qui
1154 2221 1333 2288 dimittere
1355 2242 1436 2310 pec·
1538 2263 1543 2274 ·

390 2345 469 2405 cata
490 2360 560 2405 nou
583 2335 753 2428 possunt?
797 2335 985 2418 Quomodo
1002 2336 1110 2405 etiam
1129 2335 1308 2426 baptizant
1325 2334 1436 2403 malos

389 2472 460 2518 non
477 2458 643 2529 mutatos
661 2471 809 2539 quorum
834 2459 980 2540 peccata
1002 2449 1116 2518 adhuc
1140 2471 1244 2540 snper
1260 2471 1321 2518 eos
1344 2459 1435 2528 sunt,

390 2565 481 2632 sicut
494 2563 675 2632 Johanues
692 2564 788 2643 dicit,
807 2563 876 2645 Qui
896 2564 971 2633 odit
991 2564 1133 2633 fratrem
1151 2586 1266 2645 suum,
1284 2565 1320 2632 in
1338 2573 1437 2632 teue-

390 2680 460 2749 bu's
473 2690 527 2747 est
542 2701 652 2769 usque
665 2678 805 2747 adhuc?
823 2679 860 2747 Si
875 2689 994 2749 autem
1008 2688 1093 2747 tunc
1104 2679 1342 2758 dimittuntur,
1354 2701 1435 2747 cum
1446 2689 1559 2767 globan-

390 2816 427 2862 se
446 2793 545 2861 bouis
571 2803 608 2860 et
628 2792 745 2882 justis,
763 2814 827 2882 per
851 2814 938 2881 quos
964 2792 1000 2860 in
1024 2791 1183 2861 Ecclesia
1201 2800 1363 2883 ¹peocata
1385 2768 1501 2860 (Ιί-Μ

389 2910 590 2987 mittuntur,
603 2907 761 2997 quamvis
778 2929 799 2975 a
817 2905 916 2976 malis
934 2906 1100 2998 baptizati
1120 2909 1199 2988 sint,
1214 2908 1339 2977 intima
1351 2909 1438 2977 cari·

391 3033 465 3093 tate
487 3022 725 3113 conjungunt:
753 3023 802 3090 sic
826 3031 864 3089 et
889 3021 958 3091 illis
981 3023 1042 3112 qni
1069 3022 1260 3093 forinsecus
1278 3024 1435 3106 veniunt,

390 3148 428 3206 et
450 3139 492 3206 ad
517 3136 678 3206 eamdem
702 3137 945 3227 compaginem
966 3139 1119 3228 corporis
1136 3138 1279 3216 Christi,
1298 3140 1436 3206 interno

390 3252 531 3322 vinculo
549 3252 644 3342 pacis
667 3251 859 3320 accedunt:
886 3252 1082 3342 baptismus
1106 3262 1224 3322 tamen
1242 3250 1373 3321 Christi
1400 3253 1436 3321 iu

390 3369 548 3458 utrisque
569 3366 822 3458 agnoscendus,
841 3377 879 3434 et
901 3367 936 3434 iu
959 3366 1064 3437 nullis
1089 3367 1340 3458 improbandus
1361 3378 1436 3449 est3

390 3486 463 3552 sive
480 3493 563 3552 ante
580 3505 686 3572 quam
708 3491 969 3563 convertantur,
988 3483 1147 3571 quamvis
1171 3484 1221 3552 eis
1247 3481 1334 3551 nihil
1358 3506 1437 3573 pro-

389 3599 444 3679 sit,
468 3598 540 3667 sive
562 3620 641 3666 cum
666 3606 933 3678 convertuntur,
951 3607 992 3665 ut
1014 3597 1134 3687 prosit.
1188 3595 1274 3668 Cam
1302 3596 1371 3689 ipsi
1396 3594 1437 3665 ab

390 3710 546 3782 Ecclesia
569 3736 646 3804 quoe
666 3735 736 3781 arra
753 3719 810 3792 cst,
829 3713 956 3802 inquit,
973 3710 1158 3781 recedendo
1175 3710 1342 3806 infatuati
1358 3733 1436 3780 corr·

390 3828 496 3896 trarii
510 3826 606 3920 sacti
628 3827 720 3905 sint:
735 3827 806 3919 flat
828 3827 916 3897 ucat
939 3827 1104 3919 scriptum
1130 3835 1188 3907 cst,
1207 3824 1342 3896 Domus
1359 3848 1438 3895 corr·

389 3942 578 4012 trariomrm
598 3938 681 4036 lapis
698 3939 815 4011 debeat
831 3940 1115 4011 emandationem.
1168 3940 1216 4011 Et
1234 3964 1438 4033 consequens

264 4109 268 4114 ,
390 4066 452 4137 est,¹
473 4056 598 4147 inquit,
627 4077 682 4124 eos
712 4056 772 4147 qui
799 4078 821 4125 a
848 4057 1036 4125 contrariis
1063 4055 1237 4149 baptizoti,
1262 4056 1438 4149 inquinati

388 4180 479 4253 sant,
491 4170 609 4263 primo
621 4170 783 4263 perpuri,
801 4178 832 4239 et
856 4180 936 4240 turra
956 4171 1089 4240 demum
1107 4169 1289 4263 baptizari.
1341 4171 1436 4254 Quid

389 4309 482 4378 ergo,
501 4294 658 4381 raptores
682 4294 718 4354 et
745 4285 927 4355 homicidae
952 4310 1023 4356 non
1049 4294 1133 4356 suut
1159 4287 1322 4355 contrarii
1350 4285 1437 4377 legis

389 4404 547 4484 dicentis,
578 4403 662 4472 Nou
688 4404 835 4484 occides,
864 4427 932 4472 non
961 4402 1156 4474 furaberis?
1195 4401 1326 4472 Debent
1351 4420 1575 4542 ergonpouu.

596 4587 602 4608 ¹
622 4580 680 4651 [Ex
695 4590 814 4653 utroque
830 4580 893 4635 MS.
910 4600 974 4636 meo
988 4599 1087 4636 vocem
1102 4580 1221 4651 addidi]
