3817 5692
805 714 1111 778 ARCHELAUS.
1441 717 1479 778 ll

431 908 505 948 cvu.
535 885 620 969 quod
646 905 722 948 sane
749 905 858 948 verum
887 905 956 947 esse
982 905 1044 945 non
1072 890 1179 967 potest
1191 908 1200 958 ;
1231 905 1305 948 narn
1330 885 1372 949 ab
1398 907 1483 949 anno

430 1009 570 1049 cccxxvi.
587 986 634 1050 vel
654 1008 798 1048 ocuxxru.
818 994 876 1049 aut
890 1007 1030 1048 ccuxxrv.
1048 984 1089 1047 ad
1107 1005 1225 1047 annum
1245 1007 1402 1050 cccaxxrr.
1419 1009 1482 1050 non

430 1095 568 1164 eentum,
584 1094 618 1152 et
633 1094 755 1171 septam
771 1087 865 1160 anni;
891 1086 948 1150 sed
963 1093 1091 1149 centum
1107 1087 1339 1163 tantummodo,
1357 1086 1404 1150 vel
1419 1111 1481 1150 cur.

430 1194 488 1252 aut
502 1209 561 1249 σιν.
577 1186 652 1250 anni
673 1186 845 1250 seeundum
861 1186 966 1250 varias
986 1186 1230 1270 supputationes
1250 1189 1345 1250 modo
1366 1209 1481 1251 memo

429 1296 519 1352 ratas
535 1296 752 1351 numerantur.

474 1390 577 1452 Porro
592 1410 729 1472 quonam
751 1388 849 1453 Probi
869 1411 952 1454 anno
972 1390 1005 1452 id
1026 1388 1188 1463 acciderit,
1205 1411 1244 1452 ex
1261 1388 1401 1453 Eusebio
1421 1390 1482 1453 col·

430 1490 485 1575 ligi
505 1497 624 1571 potest,
649 1489 757 1573 quiin
781 1489 939 1554 Chronico
966 1490 1011 1554 sie
1037 1490 1077 1554 de
1104 1490 1355 1554 Manichaeorum
1384 1491 1483 1555 initiis

429 1591 550 1668 scribit,
566 1592 703 1655 Secundo
717 1613 797 1656 oeae
812 1590 910 1656 Probi
919 1593 1014 1675 jacto
1029 1591 1228 1655 Antiocheam
1242 1615 1367 1654 cccxxv.
1384 1615 1483 1657 cerrus

419 1694 501 1777 suit,
517 1694 613 1777 siecle
631 1694 740 1776 Tyrios
754 1717 836 1757 occu.
853 1695 902 1758 ccl
915 1718 1009 1757 cccru.
1025 1694 1187 1757 secandam
1203 1694 1371 1778 quondm,-
1388 1697 1483 1779 jueta

428 1796 614 1860 Laodicenos
637 1819 774 1859 cccxxiv.
793 1797 889 1879 jueta
913 1798 1076 1861 Edesseaos
1100 1818 1306 1859 cocnxxxvrn.
1322 1796 1384 1880 (ita
1399 1799 1481 1861 onim

429 1898 544 1992 corrigi
574 1899 669 1962 debet
700 1897 834 1962 Pontaci
865 1899 977 1976 editio,
1006 1899 1039 1961 in
1069 1921 1132 1983 qua
1168 1920 1333 1984 perperam
1366 1899 1482 1985 legitur

428 2000 625 2084 oecumrx.)
640 2001 735 2083 jueta
757 1999 952 2064 Ascalonitas
974 2024 1119 2064 ccccxxx.
1167 2001 1288 2064 Iasona
1311 2002 1482 2065 llanichce·

427 2122 515 2164 orum
539 2101 660 2166 berech
684 2104 719 2166 ia
748 2125 899 2167 mmmueo
924 2104 1053 2167 lantoni
1079 2105 1195 2188 poneris
1223 2105 1337 2168 melum
1367 2115 1480 2169 exorto.

429 2202 513 2267 Haec
536 2211 644 2269 autem
667 2204 797 2269 Eusebii
820 2205 917 2269 verba
939 2205 988 2269 ita
1013 2205 1218 2289 intelligenda
1243 2214 1328 2278 sunt,
1354 2213 1390 2268 ut
1417 2226 1479 2268 non

428 2312 505 2368 tunc
520 2305 657 2388 primum
675 2305 927 2369 Manichaeorum
947 2303 1076 2366 haerosis
1091 2311 1162 2367 orta
1177 2304 1292 2379 fuorit3
1312 2303 1379 2386 jam
1395 2304 1479 2366 eninr

427 2406 470 2469 ab
486 2406 713 2492 Apostolorum
729 2407 827 2470 sermo
847 2405 1043 2490 temporibus
1064 2406 1261 2489 quorundam
1284 2414 1407 2468 mentes
1428 2405 1479 2469 ille

428 2507 565 2570 nefarius
588 2529 678 2571 error
699 2508 871 2583 invaserat,
894 2513 930 2570 ut
952 2528 991 2569 ex
1016 2506 1176 2569 Archelao
1199 2514 1320 2581 nostro,
1345 2514 1378 2569 et
1402 2506 1479 2590 Epi-

428 2612 545 2696 phanio
571 2611 690 2695 liquet;
719 2612 775 2675 sed
801 2611 886 2694 quod
913 2616 990 2673 tunc
1014 2610 1150 2693 primum
1176 2610 1307 2672 blanote
1331 2609 1477 2673 haeresim

428 2722 567 2778 veterem
592 2713 774 2797 pervarias
797 2713 937 2776 Orientis
960 2712 1104 2795 regiones
1128 2710 1364 2787 disseminante,
1389 2720 1421 2774 et
1445 2712 1476 2773 iu

428 2815 621 2879 Archelaum
636 2815 719 2879 forte
734 2814 903 2890 incidente,
919 2813 972 2897 qui
989 2833 1097 2875 omnes
1109 2812 1176 2896 ejus
1192 2819 1288 2887 artes,
1301 2834 1339 2875 ac
1355 2833 1477 2874 errores

427 2915 620 2999 disputando
643 2915 776 2992 detexit,
795 2914 843 2978 ita
866 2913 897 2976 in
919 2921 1106 2977 cunctorum
1129 2934 1185 2996 per
1207 2912 1316 2974 orbern
1338 2912 1477 2975 fidelium

428 3017 576 3082 notitiam
601 3017 734 3093 venerit,
755 3027 792 3081 ut
818 3038 856 3080 eo
878 3024 1023 3099 tempore
1049 3014 1215 3098 incoepisse
1242 3016 1476 3099 quodammodo

428 3119 490 3183 dici
512 3120 663 3202 potuerit.
713 3118 846 3182 Videtur
868 3117 952 3181 enim
975 3117 1155 3181 Archelaus
1179 3123 1252 3202 post
1276 3117 1475 3180 confutatum

428 3243 536 3285 coram
554 3222 715 3305 judicibus
737 3221 913 3297 Manetem,
929 3242 997 3284 rem
1017 3229 1121 3284 totam
1144 3221 1266 3285 cunctis
1288 3242 1345 3304 per
1367 3220 1476 3284 orbem

427 3324 582 3409 episcopis
602 3331 713 3387 notam
728 3324 847 3399 fecisse,
863 3330 900 3386 ut
921 3322 1043 3386 labanti
1060 3323 1232 3387 Catholieae
1253 3322 1338 3398 fidei,
1355 3330 1476 3405 quanta

428 3440 557 3510 possent
572 3424 753 3501 sedulitate,
770 3433 998 3499 succurrerent,
1015 3445 1115 3506 eoque
1135 3432 1230 3507 pacto
1245 3423 1364 3486 lactum
1379 3422 1475 3484 luisse

428 3549 488 3611 par
507 3537 565 3604 est,
580 3536 618 3593 ut
638 3528 692 3612 qui
714 3528 863 3591 subdolos
880 3526 1131 3590 Manichaeorum
1151 3544 1335 3607 progressus
1350 3522 1475 3605 ignora-

427 3630 517 3707 bant,
533 3638 608 3695 tunc
630 3631 755 3694 illorum
777 3629 922 3693 haeresim
945 3636 1049 3691 ortam
1068 3625 1163 3688 fuisse
1184 3623 1387 3698 crediderint,
1403 3645 1474 3685 cum

427 3733 563 3817 primum
579 3734 721 3818 ejusdem
735 3732 883 3796 notitiam
899 3753 938 3793 ex
956 3728 1107 3793 Archelai
1122 3727 1222 3790 literis
1237 3726 1426 3788 habuerunt.

473 3833 584 3897 Sedet
603 3833 721 3897 habitae
741 3833 782 3896 ab
799 3831 959 3895 Archelao
980 3826 1205 3912 disputationis
1226 3835 1352 3909 tempus
1371 3847 1410 3887 ex
1432 3824 1474 3887 D.

430 3936 539 3999 Leone
551 3937 673 4020 Magno
684 3934 845 4019 praecisius
855 3931 1013 4017 designari
1026 3938 1144 4015 potest,
1156 3928 1208 4013 qui
1221 3928 1253 3990 in
1266 3930 1416 3991 Sermone
1428 3924 1474 3987 ll.

428 4038 468 4100 de
484 4037 688 4113 Pentecoste,
705 4036 921 4100 Manichaeum
943 4031 1203 4109 innotuissent,
1222 4030 1330 4092 Probo
1350 4029 1425 4113 imp.
1441 4036 1474 4091 et·

429 4137 563 4204 Paulino
579 4162 657 4203 coss.
677 4160 761 4202 anno
783 4146 856 4222 post
871 4136 990 4202 Ohn'sti
1012 4133 1276 4199 resurrectionem
1291 4154 1350 4193 eoa.
1367 4136 1403 4192 ut
1423 4151 1475 4191 ao-

429 4242 661 4305 oommodatius
683 4242 725 4304 ad
746 4239 999 4322 chronologicam
1020 4237 1187 4300 veritatem
1212 4234 1244 4295 in
1264 4232 1371 4296 codice
1390 4232 1473 4295 Oxo

427 4340 529 4405 nicusi
547 4341 609 4427 legi
625 4340 809 4423 Quosnellus
829 4347 978 4404 testatur.
1024 4342 1074 4402 At
1094 4337 1145 4401 hio
1165 4336 1274 4411 Probi,
1290 4343 1323 4398 et
1346 4332 1474 4396 Paulini

427 4442 610 4507 consulatus
634 4450 759 4528 partem
783 4443 858 4506 anni
883 4441 990 4524 primi,
1013 4449 1047 4505 et
1072 4438 1201 4504 secundi
1227 4436 1349 4520 imperii
1377 4433 1474 4497 Probi

428 4546 580 4623 continet,
609 4568 702 4631 quem
732 4545 870 4609 obeunte
898 4544 1015 4608 Tacito
1045 4544 1096 4606 die
1126 4561 1163 4626 13
1189 4538 1318 4623 Aprilis,
1344 4537 1474 4619 ejusque

428 4648 528 4713 fratre
546 4648 696 4713 Floriano
717 4654 790 4733 post
809 4648 890 4710 dnos
909 4668 1034 4710 menses
1048 4646 1164 4720 occiso,
1179 4643 1358 4705 Romanum
1378 4638 1474 4722 impe-

882 4771 899 4812 C
918 4769 936 4815 2
