3817 5692
767 696 1078 761 DISPUTATIO.
1383 700 1447 766 139

400 863 492 931 uiam
520 866 663 954 quidem
694 877 731 935 et
759 865 952 958 Apostolus
982 868 1069 936 dicit
1095 867 1139 934 ad
1168 889 1241 948 nos,
1270 864 1338 937 ¹Ut
1367 867 1445 936 sitis

400 977 488 1047 sicut
515 977 705 1049 lurnincriu
739 982 776 1049 in
804 980 867 1051 hoc
902 981 1038 1063 arunde,
1066 979 1200 1051 verbum
1229 982 1308 1050 citae
1337 983 1444 1052 conti-

401 1103 516 1163 nentes
543 1094 591 1163 ud
608 1094 759 1190 pierium
786 1121 893 1166 mcum
925 1096 1077 1167 indiam
1107 1094 1252 1178 Christi,
1282 1098 1443 1189 quonium

400 1231 469 1277 non
488 1210 525 1278 in
543 1234 684 1280 vaccum
703 1213 852 1294 cucur-ri,
871 1237 932 1283 nec
950 1213 987 1282 in
1006 1237 1147 1284 coccum
1169 1210 1331 1284 laborovi.
1384 1213 1444 1282 In·

400 1324 561 1417 telligere
584 1327 753 1396 debemus
771 1352 848 1419 quae
874 1330 919 1398 sit
941 1330 1001 1408 vis,
1020 1339 1058 1398 et
1078 1329 1167 1397 ratio
1185 1330 1354 1398 sermonis
1379 1329 1446 1397 hu-

393 1441 475 1531 jus;
500 1442 646 1510 verbum
669 1443 764 1511 enim
782 1444 880 1513 ducis
904 1444 1042 1513 obtinet
1069 1444 1196 1524 locum,
1214 1454 1338 1535 ‘opera
1362 1466 1445 1513 vero

400 1556 502 1645 regis.
555 1554 657 1624 Sicut
686 1577 770 1648 ergo
796 1557 921 1648 aliquis
943 1558 1017 1649 regi
1041 1579 1104 1625 suo
1127 1556 1344 1637 adventanti,
1371 1578 1446 1623 om-

401 1689 473 1747 nes,
491 1670 550 1757 qui
578 1668 642 1737 sub
660 1692 745 1739 cura
770 1693 833 1740 sua
854 1679 946 1752 sunt,
965 1672 1085 1741 studet
1107 1671 1322 1751 obedientes,
1348 1692 1447 1760 para-

400 1789 467 1862 tos,
484 1791 522 1850 et
545 1782 678 1866 charos,
699 1784 896 1876 hilaresque
921 1788 1117 1865 ostendere,
1138 1807 1179 1854 ac
1205 1785 1361 1864 devotos,
1384 1784 1445 1853 sed

401 1896 508 1964 etiam
535 1899 752 1981 innocentes,
776 1924 817 1970 ac
841 1901 941 1970 bonis
969 1902 1132 1970 omnibus
1154 1901 1382 1980 abundantes,
1405 1908 1447 1967 ut

400 2011 474 2101 ipse
500 2011 641 2082 laudem
669 2026 903 2107 consequatur
928 2039 949 2085 a
979 2039 1071 2109 rege,
1102 2025 1139 2085 ct
1169 2017 1300 2107 majore
1329 2016 1374 2084 ab
1403 2037 1446 2083 eo

401 2125 533 2195 honore
560 2129 685 2222 dignus
710 2131 892 2213 habeatur,
919 2139 1088 2221 tanquam
1118 2131 1209 2200 bene
1239 2130 1446 2222 gubernata,

401 2263 479 2330 quae
513 2244 577 2313 sibi
613 2256 668 2315 est
698 2247 893 2326 commissa,
922 2246 1121 2336 provincia3
1157 2245 1206 2313 ita
1240 2253 1279 2314 et
1313 2242 1447 2311 Beatus

403 2350 535 2424 Paulus
551 2356 638 2426 dicit
658 2358 700 2426 ad
724 2380 797 2437 nos,
816 2356 884 2429 ’Ut
900 2358 978 2427 sitis
1000 2356 1088 2429 celui
1110 2356 1300 2427 luminaria
1322 2357 1360 2425 in
1385 2353 1448 2425 ltoc

402 2468 538 2549 tuende,
556 2469 691 2541 verbum
710 2474 790 2543 υἱέα
810 2474 1017 2543 continentes·
1040 2472 1087 2541 nd
1106 2471 1254 2567 pieriam
1279 2471 1389 2564 ipsius
1409 2471 1448 2539 in

401 2582 491 2654 diem
511 2583 654 2658 Christi.
708 2588 852 2659 Scilicet
878 2590 972 2680 quod
1000 2589 1175 2657 Dominus
1199 2596 1320 2657 noster
1343 2585 1449 2657 Jesus

403 2699 563 2770 Christus
581 2705 733 2782 veniens,
752 2706 871 2773 videat
888 2703 1076 2796 profecisse
1095 2703 1290 2772 doctrinam
1310 2703 1386 2792 ejus
1411 2703 1448 2770 in

401 2815 522 2897 nobis3
548 2827 586 2886 et
608 2819 783 2908 quianon
809 2820 844 2887 in
872 2841 1023 2888 vacuum
1049 2818 1214 2899 cucurrit,
1240 2840 1305 2886 nec
1332 2818 1368 2886 in
1390 2840 1450 2887 va·

402 2955 508 3001 cuum
535 2931 717 3016 laboravit,
735 2936 907 3004 retribuat
930 2936 963 3004 ei
985 2934 1143 3003 debitam
1169 2954 1346 3002 coronam.
1400 2933 1448 3002 Et

402 3070 519 3116 rursus
536 3072 677 3140 quoque
703 3052 739 3119 in
760 3051 883 3120 eadem
903 3050 1052 3141 epistola
1073 3057 1277 3119 commouet
1294 3069 1367 3124 nos,
1385 3055 1448 3117 ³no

403 3175 541 3234 terrena
570 3167 757 3256 sapiamus,
789 3166 849 3235 sed
874 3166 1176 3235 conversationem
1204 3172 1359 3233 nostram
1388 3163 1448 3232 de-

402 3280 486 3349 bere
508 3303 583 3351 esse
609 3281 644 3350 in
667 3281 782 3364 caelis;
809 3283 902 3351 unde
924 3291 963 3352 et
985 3281 1194 3351 salvatorem
1216 3287 1449 3370 expectamus

403 3394 597 3465 Dominum
623 3406 783 3467 nostrum
811 3397 934 3467 Jesum
960 3397 1151 3466 Christum.
1205 3395 1253 3463 Et
1280 3393 1448 3484 quoniam

401 3512 502 3581 nobis
525 3535 595 3581 non
619 3524 673 3582 est
690 3522 808 3582 tutum
832 3515 919 3582 scire
943 3512 1108 3582 ultimam
1126 3511 1232 3592 diem,
1250 3506 1449 3600 designarit

402 3628 436 3694 in
464 3627 621 3717 epistola,
652 3650 758 3718 quam
788 3628 909 3697 scribit
936 3628 980 3696 ad
1011 3625 1349 3704 Thessalonicenses,
1373 3618 1449 3691 ⁴De

402 3741 606 3835 temporibus
632 3752 754 3827 autem,
774 3752 806 3813 ct
832 3742 1020 3826 momentis,
1042 3740 1199 3821 Fratres,
1225 3761 1294 3808 non
1319 3734 1448 3807 habetes

402 3880 496 3948 opus,
523 3866 560 3928 ut
580 3856 716 3950 aliquid
739 3856 831 3927 cobis
860 3854 1030 3934 scribom:
1055 3856 1125 3948 ipsi
1150 3854 1241 3923 caim
1267 3850 1450 3947 dilipcnter

443 4102 455 4133 ⁸
477 4093 536 4149 Cur
549 4093 611 4150 haec
631 4113 695 4150 cum
717 4092 941 4167 praecedentibus
956 4110 1013 4147 non
1028 4091 1198 4155 cohaereant,
1213 4089 1288 4146 Vide
1309 4088 1451 4163 prefatio-

402 4210 467 4246 nem
482 4199 608 4247 nostram
620 4191 649 4246 in
661 4191 810 4247 Archelao.
822 4193 863 4263 (p.
880 4207 924 4263 15,
942 4188 997 4259 16.)
1021 4187 1128 4244 Sensus
1142 4194 1236 4242 autem
1254 4204 1316 4242 esse
1329 4186 1449 4250 videtur,

403 4288 490 4343 solius
513 4288 611 4362 Regis,
631 4288 759 4362 perfecti,
775 4286 914 4351 videlicet,
930 4285 1015 4350 illius,
1030 4284 1077 4359 qui
1099 4290 1270 4358 expectatur,
1285 4301 1357 4358 opus
1378 4301 1450 4343 esse,

403 4384 550 4440 hominum
572 4384 771 4458 ignorantiam,
797 4392 828 4439 ut
851 4394 934 4438 antea
959 4382 1040 4446 dixit,
1064 4381 1175 4454 penitus
1198 4379 1353 4442 destruere,
1376 4379 1451 4452 quod

403 4500 460 4536 non
474 4481 643 4554 prestiterat
659 4480 771 4537 Manes.
801 4480 927 4553 (Adagio
942 4478 1032 4535 simile
1048 4476 1177 4534 Archelai
1192 4476 1267 4532 istud
1282 4477 1349 4544 est.)

413 4619 672 4692 ¹Phil.ii.15.16.
716 4617 811 4675 ‘Ibid
854 4616 1128 4690 'lbid.iii.19.no.
1170 4613 1327 4670 ⁴1Thess.
1342 4630 1366 4665 v.
1387 4628 1451 4673 1,2.

902 4711 956 4755 Μ
