3817 5692
797 689 1109 752 DISPUTATIO.
1434 693 1477 760 98

478 856 607 929 XXII.
633 854 788 928 Jun1cas
814 877 1019 940 nrxnnnnr,
1039 858 1177 928 Lumen
1204 860 1240 928 in
1268 867 1344 930 tuta
1370 859 1476 933 domo

428 971 546 1041 lucere
571 973 713 1054 scimus,
731 985 769 1042 et
794 997 865 1043 non
891 975 926 1042 in
951 998 1023 1043 una
1044 973 1162 1065 aliqua
1187 983 1296 1066 parte,
1321 976 1412 1046 sieut
1437 985 1475 1046 et

426 1085 450 1158 J
452 1111 532 1158 esus
549 1090 635 1160 dicit
652 1091 736 1181 quia
760 1088 887 1160 1Νενηο
904 1088 1078 1160 laceratum
1095 1090 1279 1161 accendens
1295 1091 1399 1185 ponit
1414 1090 1475 1162 sub

428 1202 631 1286 mediaest}
651 1228 754 1300 super
771 1203 1019 1288 caudelabrum,
1038 1214 1076 1275 at
1098 1204 1208 1276 luceat
1232 1205 1397 1289 manibus,
1414 1208 1476 1302 qui

429 1319 467 1389 in
490 1318 590 1391 domo
610 1330 699 1391 suat.
752 1320 790 1390 Si
815 1344 899 1413 ergo
917 1321 1037 1392 lumen
1061 1329 1125 1402 est,
1142 1344 1285 1392 neeesse
1308 1331 1363 1393 est
1385 1322 1474 1393 illud

428 1438 472 1523 (si
498 1446 618 1507 tamen
634 1434 739 1507 Jesns
764 1436 933 1525 ereditur)
951 1438 1086 1507 mundo
1110 1439 1272 1508 universo
1290 1438 1417 1522 lucere,
1436 1448 1474 1510 et

427 1573 497 1620 non
524 1574 587 1643 per
610 1561 749 1643 partes;
775 1547 817 1622 fa
834 1576 903 1644 quo
926 1554 954 1622 si
979 1554 1182 1623 universum
1209 1554 1347 1624 obtinet
1370 1578 1475 1625 mun·

428 1665 522 1748 dum,
539 1667 600 1737 ubi
612 1668 689 1758 jam
707 1668 873 1760 ingenitae
891 1668 1057 1747 tenebrae,
1075 1669 1140 1737 nisi
1166 1668 1256 1737 forte
1272 1668 1474 1740 accidentes

427 1781 694 1876 intelligantur?
724 1781 950 1853 Ancnnunns
980 1803 1097 1865 n1x1r,
1125 1782 1303 1865 Quoniam
1330 1783 1473 1874 quidem

426 1896 541 1965 multo
558 1898 685 1968 melius
702 1922 724 1968 a
740 1898 839 1967 vobis
864 1897 1078 1990 intelligitur
1094 1920 1210 1968 sermo
1228 1894 1473 1990 Evangelieus,

428 2033 533 2101 quam
567 2012 612 2082 ab
646 2013 723 2093 isto,
752 2013 812 2103 qui
845 2034 883 2081 se
918 2010 1134 2081 Paraelitum
1169 2033 1245 2082 esse
1278 2012 1473 2103 profitetur,

428 2148 534 2216 quem
557 2149 624 2218 ego
640 2128 754 2219 magis
780 2125 991 2209 Parasitum,
1009 2149 1114 2218 quam
1142 2126 1357 2197 Paraelitum
1375 2129 1474 2197 dixe-

427 2242 504 2323 rim,
523 2242 637 2312 dieam
659 2264 725 2335 ego
743 2242 921 2333 quomodo
946 2242 1139 2311 assidedat
1165 2243 1328 2313 tenebrae.
1380 2242 1473 2313 Cum

427 2354 490 2425 lux
514 2365 608 2427 esset
630 2358 762 2449 ubique
786 2356 921 2438 diffusa,
940 2356 1112 2425 mundum
1135 2358 1243 2448 eoepit
1266 2356 1366 2429 Deus
1391 2380 1475 2427 non-

428 2471 520 2551 dere,
548 2471 690 2541 initium
720 2494 742 2541 a
768 2471 864 2553 calo,
890 2479 928 2540 et
957 2479 1052 2540 terra
1076 2493 1228 2553 sumens,
1256 2473 1293 2541 in
1323 2494 1393 2564 quo
1422 2473 1474 2542 ita

427 2585 516 2653 ratio
534 2585 661 2666 evenit,
681 2594 721 2653 ut
737 2585 918 2666 medietas,
937 2608 1014 2676 quae
1032 2594 1087 2654 est
1104 2595 1205 2655 terrae
1228 2586 1327 2657 locus
1346 2586 1474 2656 umbra

428 2699 600 2782 obtectus,
617 2700 781 2791 ssobjectu
806 2700 973 2770 videlicet
998 2723 1130 2780 earum,
1148 2723 1225 2791 quae
1252 2701 1353 2770 factae
1379 2710 1472 2782 aunt,

428 2824 677 2896 ereaturarum,
694 2816 911 2885 inveniretur
928 2814 1107 2894 obscurus,
1125 2815 1176 2883 ita
1192 2823 1234 2883 ut
1251 2837 1306 2884 res
1329 2823 1474 2907 expete·

429 2941 482 3000 ret
511 2932 686 3001 introduci
713 2930 829 3001 lucem
855 2929 939 3000 huie
969 2931 1036 3022 ipsi
1066 2931 1103 2997 in
1131 2930 1324 2999 medietate
1358 2932 1473 3022 positu

428 3046 515 3117 loeo.
567 3046 674 3118 Unde
700 3056 737 3116 et
766 3048 804 3115 iu
830 3045 963 3116 Genesi
996 3045 1141 3137 Moyses
1167 3068 1331 3115 enarrans
1361 3045 1474 3118 faetu-

427 3184 501 3231 ram
536 3161 669 3240 mundi,
697 3183 920 3252 nequaquam
956 3160 1040 3230 facit
1066 3161 1293 3231 tenebrarum
1322 3162 1474 3231 mentiu-

426 3299 518 3358 nem‚
541 3277 719 3367 autquasi
746 3275 850 3346 faetae
875 3277 956 3356 sint,
974 3284 1036 3345 aut
1062 3298 1133 3345 non
1159 3276 1280 3359 faetae3
1307 3277 1370 3346 sed
1395 3277 1472 3368 ipse

427 3392 547 3473 tacuit,
565 3391 629 3472 his,
647 3392 708 3482 qui
733 3392 868 3481 possint
891 3391 1085 3473 advertere,
1104 3391 1350 3483 derelinquens
1367 3394 1473 3463 ratio-

426 3529 508 3576 nem
538 3507 642 3598 hujus
671 3505 896 3587 intellectus3
926 3529 1004 3596 quae
1035 3507 1178 3597 quidem
1207 3509 1387 3578 necastis
1418 3516 1473 3578 est

426 3621 534 3691 ardua
551 3631 658 3712 atque
676 3621 846 3692 difficilis:
870 3623 927 3692 cui
945 3621 1039 3691 enim
1063 3644 1136 3691 nun
1153 3622 1215 3692 fiat
1232 3622 1472 3704 manifestum,

426 3736 537 3807 solem
562 3738 668 3806 istum
697 3736 879 3818 visibilem,
898 3759 980 3806 eum
1007 3736 1052 3806 ab
1076 3738 1212 3807 oriente
1238 3736 1346 3807 fuerit
1371 3758 1473 3806 exor-
1573 3789 1578 3797 .

426 3862 495 3935 tus,
513 3860 552 3921 et
570 3853 761 3922 tetenderit
786 3852 854 3920 iter
874 3873 977 3920 suum
996 3850 1039 3919 ad
1059 3850 1289 3932 occidentem,
1308 3873 1389 3920 eum
1406 3851 1474 3920 sub

426 3977 555 4037 terram
573 3968 665 4048 ierit,
683 3975 721 4036 et
742 3967 889 4036 interior
909 3965 1057 4035 effectus
1079 3965 1187 4034 fuerit
1205 3988 1256 4046 ea,
1274 3988 1351 4055 quae
1377 3966 1473 4057 apud

426 4082 567 4153 Graecos
592 4082 726 4174 sphaera
750 4089 905 4162 vocatur,
929 4075 1046 4171 hquod
1073 4089 1159 4149 tune
1185 4080 1328 4171 objectu
1351 4103 1473 4172 corpu·

426 4221 503 4268 rum
522 4197 752 4267 obumbratus
773 4218 844 4265 non
867 4193 1058 4287 appareat?
1085 4193 1158 4265 Sed
1178 4194 1322 4264 obtecto
1339 4217 1392 4276 eo,
1410 4195 1474 4264 ob-

465 4408 581 4475 irone,
595 4411 681 4485 utqui.
870 4418 887 4463 8
901 4409 935 4465 ln
951 4408 1100 4466 (lesinensi
1114 4409 1220 4473 codice,
1236 4408 1350 4464 obtectu.

464 4504 481 4549 ¹¹
497 4506 530 4564 ln
545 4507 693 4565 casinensi
707 4515 760 4572 est,
776 4507 849 4581 qaod
861 4524 930 4564 nuuc
944 4506 1058 4563 oblecta.

852 4609 859 4633 ¹
873 4603 948 4659 Mat.
964 4623 992 4658 v.
1007 4618 1054 4675 15.
