3817 5692
427 706 471 768 54
659 701 911 765 ARCHELAI
937 702 1002 764 ΕΤ
1028 702 1247 765 MANETIS

425 873 476 953 ὧν
504 871 700 975 ἅνθραατος,
727 875 785 950 καὶ
815 877 848 949 οῖ
879 871 1061 973 ἅνθρωποι
1089 869 1344 969 ὑπελάμβανον
1370 872 1479 952 αὐτὸν

425 1003 675 1100 γεγεννῆσθαι.
721 996 838 1075 ἐλθὼν
870 997 933 1074 οὖν
967 1003 1116 1075 ποιεῖται
1151 994 1217 1095 τὴν
1247 1000 1479 1101 δημιουργίαν

425 1122 515 1226 πρὸς
547 1124 729 1224 σωτηρίαν
755 1128 828 1202 τῶν
852 1126 995 1226 ψυχῶν,
1023 1125 1081 1199 καὶ
1110 1119 1275 1225 μηχανὴν
1296 1123 1475 1223 συνεστή-

426 1282 520 1328 σατο
538 1247 694 1352 ἔχουσαν
711 1246 848 1326 δώδεκα
866 1245 1005 1344 κάδους,
1024 1247 1050 1345 ἥ
1070 1281 1125 1330 τις
1150 1246 1219 1327 ὑπὸ
1237 1252 1301 1346 τῆς
1319 1250 1481 1355 σφαίρας

426 1372 665 1479 στρεφομένη,
692 1375 857 1471 ἀνιμᾶται
886 1378 959 1451 τῶν
987 1371 1218 1471 θνησκόντων
1245 1372 1310 1457 τᾶς
1341 1372 1477 1479 ψυχαῖς.

427 1504 486 1579 καὶ
522 1498 654 1582 ταύτας
686 1500 706 1577 ὁ
739 1498 851 1599 μέγας
884 1497 1039 1603 φωστὴρ
1072 1505 1150 1582 ταῖς
1186 1501 1306 1578 ἀκτῖσι
1342 1500 1480 1596 λαβὼν,

428 1626 614 1729 καθαρίζει,
651 1630 711 1703 καὶ
748 1626 964 1723 μεταδίδωσι
1001 1632 1046 1729 τῇ
1083 1625 1232 1729 σελήνη,
1270 1629 1327 1704 καὶ
1369 1628 1480 1709 οὕτως

427 1762 630 1855 πληροῦται
648 1756 712 1851 τῆς
729 1750 887 1851 σελήνης
914 1753 934 1830 ὃ
960 1751 1094 1849 δίσκος,
1113 1753 1133 1829 ὁ
1151 1757 1235 1854 παρ’
1255 1752 1339 1851 ἡμῖν
1356 1786 1475 1854 προσ·

428 1878 693 1982 αγορενόμενος·
722 1886 834 1958 πλοῖα
861 1876 942 1981 γὰρ,
961 1878 1040 1977 ἤτοι
1067 1883 1242 1980 πορθμεῖα
1268 1874 1354 1957 εἶναι
1382 1877 1480 1978 λε’γει

428 2004 511 2089 τοὺς
544 2005 607 2084 δύο
640 2008 849 2111 φωστῆρας.
890 2000 966 2082 εἶτα
997 2002 1059 2082 ἐὰν
1088 2008 1246 2108 γεμισθῇ
1278 2005 1300 2102 ἡ
1331 2002 1479 2103 σελήνη,

428 2129 708 2232 μεταπορθμεύει
734 2135 782 2213 eir
809 2127 1030 2230 ἀπηλιώτην,
1049 2132 1108 2208 καὶ
1129 2130 1241 2212 οὕτως
1258 2126 1479 2230 ἀπόκρουσιν

428 2263 589 2352 ποιεῖται,
607 2264 671 2335 τοῦ
698 2251 813 2357 γόμον
840 2255 1120 2360 ε’λαφρννομένη·
1149 2260 1209 2336 καὶ
1233 2258 1325 2335 οὕτω
1346 2262 1485 2358 πληροῖ

362 2481 373 2494 .
429 2382 471 2463 rb
498 2388 701 2485 πορθμεῖον,
721 2385 779 2460 καὶ
805 2381 918 2462 πάλιν
944 2385 1127 2484 ἄπογομοῖ
1155 2382 1384 2481 ἀνιμωμένων
1409 2380 1478 2461 ὑπὸ

430 2628 502 2671 uum
522 2627 586 2670 non
607 2612 690 2670 osset
705 2605 811 2683 homo,
826 2611 860 2670 et
874 2606 930 2670 ho
981 2606 1078 2670 radiis
1095 2606 1161 2669 suis
1175 2606 1336 2669 ⁰adimons
1350 2625 1411 2689 pur
1452 2611 1478 2681 t,

429 2691 529 2755 mines
552 2690 759 2776 ¹putaverunt
781 2713 854 2755 eum
875 2713 930 2755 na·
981 2698 1014 2755 et
1035 2691 1118 2755 lunae
1138 2690 1250 2767 tradit,
1266 2697 1299 2754 et
1314 2690 1361 2755 ita
1424 2690 1479 2753 ‘m-

429 2784 500 2841 tum
528 2798 606 2841 esse.
665 2776 746 2842 Cum
774 2798 850 2861 ergo
878 2797 930 2840 ve·
980 2777 1086 2861 pietur
1110 2775 1193 2839 lunae
1219 2775 1353 2850 Pdiscus,
1375 2775 1432 2924 poi
1459 2797 1481 2840 a

429 2862 539 2938 nisset,
564 2860 743 2926 machinam
769 2863 928 2945 quandam
980 2861 1072 2926 nobis
1086 2861 1133 2926 ita
1148 2860 1337 2946 appellatur.
1406 2883 1479 2925 aves

430 2947 664 3011 mconcinuerit
707 2947 750 3010 ad
793 2948 930 3011 salutem
979 2946 1064 3010 enim
1079 2945 1127 3010 vel
1149 2945 1372 3011 translatorias
1394 2968 1478 3031 cym-

429 3032 628 3103 animarum;
668 3030 700 3094 id
734 3037 792 3107 est,
823 3038 929 3096 rotam
979 3032 1037 3095 bas
1052 3053 1121 3096 esse
1136 3031 1214 3095 dioit
1228 3032 1292 3096 duo
1311 3030 1376 3097 ista
1390 3031 1479 3095 lumi·
1576 3084 1581 3094 .

430 3117 555 3192 statuit,
570 3115 742 3180 habentem
763 3116 929 3181 duodecim
979 3117 1080 3191 naria,
1096 3124 1130 3181 et
1151 3138 1224 3181 oum
1245 3118 1368 3202 repleta
1383 3117 1479 3182 fuerit

430 3223 551 3277 urceos,
567 3210 656 3285 nquae
676 3209 749 3266 rota
771 3202 929 3287 perhanc
980 3202 1063 3278 luna,
1075 3202 1282 3266 transfretare
1293 3202 1479 3280 animasad

430 3287 588 3371 sphaeram
612 3286 757 3363 vertitur,
780 3286 929 3351 hauriens
980 3286 1182 3351 subsolanam
1211 3295 1345 3373 partem,
1371 3295 1404 3352 et
1432 3288 1480 3352 ita

430 3370 551 3436 animas
565 3372 776 3447 morientium,
789 3394 930 3457 quasque
979 3372 1479 3457 sapoorusin,detrimentum‚pa·

430 3455 584 3522 luminare
609 3456 721 3543 majus,
744 3457 778 3520 id
799 3465 861 3534 est,
882 3457 930 3521 sol
980 3457 1072 3535 titur,
1089 3479 1161 3521 eum
1180 3479 1275 3521 onere
1289 3459 1384 3522 fuerit
1399 3458 1478 3522 rele-

472 3644 478 3679 ¹
502 3644 601 3701 Codex
617 3644 778 3710 Bobiensis,
800 3645 938 3720 probante
963 3645 1131 3720 Epiphanio,
1148 3646 1282 3720 putabant
1306 3666 1363 3702 enm
1387 3654 1479 3702 notum

429 3760 496 3799 esse.
539 3740 702 3798 Casinensis
716 3741 799 3803 male.
813 3750 938 3798 naturam
952 3760 1017 3798 esse.

471 3849 495 3880 ¹²¹
517 3837 618 3895 Codex
633 3838 792 3901 Bobiensis‚
813 3840 1006 3896 concinnatam.
1049 3837 1229 3916 Epiphanius
1249 3839 1344 3905 habet,
1367 3839 1480 3895 Veniens

430 3936 516 4010 ι’ρῖιιτ
530 3953 598 4010 ορατ
611 3935 741 4009 quoddam
756 3935 793 3990 ad
805 3935 954 3993 animarum
975 3937 1088 3993 salutem
1102 3936 1211 3993 molitus
1225 3944 1275 4002 est,
1290 3945 1317 3992 et
1331 3935 1478 3992 machinam

430 4032 590 4098 construxit,
606 4032 686 4088 cados
699 4032 835 4088 duodecim
850 4033 998 4098 habentem,
1013 4053 1070 4109 qnae
1092 4052 1108 4088 ο
1130 4034 1236 4108 sphera
1257 4052 1385 4090 mnuersn
1405 4052 1479 4090 mor-

431 4136 537 4186 tuorum
551 4127 658 4183 animos
670 4146 777 4184 sursum
792 4129 888 4185 evenit.
1131 4196 1137 4209 .

473 4236 489 4266 ¹¹
505 4222 604 4280 Codex
616 4222 774 4288 Bobiensis.
788 4244 845 4300 qnae
852 4244 906 4299 per
916 4225 985 4281 nnnc
993 4225 1127 4300 spbaernm
1138 4226 1265 4282 baurim
1274 4228 1379 4281 animas
1389 4228 1477 4281 niven

430 4322 505 4378 tium.
547 4319 627 4376 Mala
639 4319 733 4388 lectio,
749 4329 779 4377 ut
794 4340 830 4378 ex
844 4321 1004 4396 Epiphanio
1018 4331 1143 4396 apparet.

472 4426 487 4457 ⁰
510 4416 693 4491 Epiphanius,
708 4421 807 4484 λαβὼν,
823 4438 970 4476 assumens.

472 4524 487 4567 P
509 4513 609 4570 Codex
625 4514 782 4579 Bobiensis‚
797 4516 946 4579 discursus.
963 4516 1084 4591 pessima
1099 4516 1192 4573 lectio.

471 4621 486 4663 ‘1
508 4609 542 4665 In
567 4610 662 4667 codice
688 4610 846 4677 Cannensi,
873 4614 1018 4686 οροονῖςῖα,
1046 4612 1195 4681 scribitur‚·
1226 4612 1275 4668 sed
1305 4631 1357 4668 nos
1384 4611 1477 4667 locum
