3817 5692
961 1245 1214 1342 ACTA

605 1488 1001 1565 DISPUTATIONIS
1035 1486 1303 1560 ARCHELAI
1339 1485 1569 1559 EPISCOPI

881 1635 1282 1719 ,MESOPOTAMIAE

705 1843 781 1907 (QUI
798 1841 956 1891 FLORUI'I'
974 1841 1143 1890 cmcl'rna
1159 1842 1219 1890 AN.
1233 1841 1377 1891 CHRISTI
1394 1841 1464 1904 278.)

669 2011 738 2076 ΕΤ
774 2013 1023 2076 MANETIS
1059 2011 1501 2076 HAERESIARCHAE.

982 2237 1198 2272 -..0-—

846 2414 934 2498 [Vel.
949 2412 1070 2476 Latina
1084 2412 1325 2496 Interpretatiol

566 2517 903 2630 THESAURUS
938 2582 1050 2643 verns,
1081 2559 1154 2628 sive
1189 2559 1381 2651 disputatio
1415 2557 1537 2627 habita
1572 2558 1609 2625 in

564 2673 738 2746 ⁸(iarchar
762 2676 907 2746 civitate
934 2675 1212 2768 Mesopotamia,
1229 2674 1472 2767 judicantibus
1497 2670 1608 2743 bMa·

564 2791 681 2883 nippo,
700 2799 738 2860 et
755 2790 925 2884 AEgialeo,
944 2799 982 2861 et
1000 2790 1159 2872 Claudio,
1177 2798 1215 2859 et
1236 2789 1418 2860 Cleobolo.
1471 2788 1515 2858 In
1540 2811 1610 2879 qua

564 2906 652 2976 urbe
678 2904 947 2997 Mesopotamiae
973 2914 1049 2976 erat
1074 2906 1219 2997 quidam
1244 2906 1307 2987 vir,
1329 2903 1523 2976 Marcellus
1548 2927 1610 2973 no-

565 3022 671 3100 mino,
690 3021 750 3111 qui
775 3022 857 3102 vita,
876 3030 914 3091 et
939 3021 1076 3107 studiia
1094 3031 1132 3091 et
1156 3044 1296 3114 genere,
1314 3009 1507 3112 prudentie
1525 3043 1611 3111 quo·

565 3157 644 3225 que,
655 3142 693 3204 et
705 3133 891 3206 honestate
907 3135 1009 3207 valde
1022 3135 1134 3206 clarus
1147 3136 1364 3217 habebatur3
1382 3135 1610 3205 facultatibus

565 3249 674 3319 etiam
697 3250 867 3340 copiosus,
886 3258 923 3320 et
940 3250 1034 3340 quod
1053 3251 1211 3319 omnium
1228 3250 1423 3318 maximum
1448 3258 1513 3330 est,
1530 3247 1611 3317 reli·

564 3366 759 3457 giosissime
795 3364 913 3434 Deum
949 3366 1088 3445 timens,
1119 3372 1156 3433 et
1189 3363 1243 3434 his
1277 3387 1355 3454 quae
1389 3364 1433 3434 de
1468 3363 1610 3433 Christo

566 3480 782 3563 dicebantur,
800 3503 939 3572 semper
956 3503 1037 3550 cum
1056 3481 1183 3549 timore
1203 3479 1413 3562 auscultans,
1431 3502 1497 3549 nec
1514 3480 1611 3571 quic·

566 3618 672 3687 quam
690 3596 833 3666 omnino
850 3596 935 3666 boni
953 3605 1037 3678 crat,
1056 3597 1151 3687 quod
1169 3595 1220 3665 illi
1237 3597 1312 3665 viro
1330 3596 1488 3675 deesset3
1514 3596 1610 3665 unde

566 3711 762 3781 ethonore
793 3711 943 3804 plurimo
975 3712 1020 3781 ab
1048 3713 1211 3782 universa
1239 3711 1383 3782 civitate
1418 3710 1609 3791 colebatur,

957 3920 1108 3976 Zacaerur
1123 3920 1226 3977 Nora.

609 4025 624 4057 Β
645 4014 716 4072 Haec
732 4015 831 4073 eadem
851 4016 918 4073 urba
937 4015 1011 4073 infra
1024 4035 1085 4090 cap.
1098 4034 1126 4090 3.
1145 4017 1251 4072 Charra
1266 4023 1391 4080 vocatur,
1405 4034 1464 4071 non
1480 4016 1611 4080 Carclar,

567 4119 617 4168 aut
632 4112 761 4179 casoto,
776 4121 808 4169 ut
824 4113 1002 4188 Epiphanius
1021 4113 1118 4170 habet.
1160 4114 1256 4181 Quare
1275 4113 1427 4188 disputatio
1445 4114 1500 4170 ista
1515 4114 1613 4171 habita

566 4209 653 4265 fuisse
672 4210 783 4267 videtur
802 4210 876 4286 apud
891 4210 1015 4267 Carrhas
1036 4210 1247 4267 celeberrimam
1266 4209 1483 4284 Mesopotamiae
1502 4210 1611 4266 urbem.

568 4306 642 4363 Vide
657 4308 737 4382 plura
754 4308 783 4364 in
797 4307 962 4382 prefatione
976 4315 1083 4372 nostra,
1095 4306 1143 4364 ubi
1157 4307 1192 4364 de
1206 4306 1354 4363 Archelao.
1394 4305 1451 4379 [At
1464 4306 1538 4373 vide,
1550 4326 1612 4381 quae

568 4405 699 4480 opposita
712 4413 779 4462 aunt
792 4424 840 4480 pp.
854 4422 921 4477 130.
935 4421 1001 4475 131.
1017 4405 1097 4477 1³4]

609 4498 798 4574 eripcrmroc
814 4510 932 4559 vocatur
952 4500 1027 4575 apud
1046 4500 1236 4574 Epiphaniam
1256 4501 1285 4557 in
1305 4500 1415 4557 Haeresi
1435 4498 1612 4556 Manichaeo-

569 4616 631 4654 rum
646 4617 722 4654 num.
736 4617 782 4655 ro.
