3817 5692
708 997 1024 1062 LAURENTIUS
1049 998 1326 1061 ZACAGNIUS

523 1179 777 1235 PRAEFATIONE
795 1181 848 1234 AD
868 1179 1144 1234 COLLECTANEA
1164 1178 1505 1236 MONUMENTORUM

936 1290 1132 1352 VETERUM,

745 1454 848 1497 EDITA
864 1453 969 1496 ROMAE
984 1453 1077 1496 ANNO
1093 1453 1283 1496 MDcxcvrrr.

537 1572 672 1632 anun
695 1569 779 1631 inter
806 1568 874 1632 hmo
896 1575 1006 1632 vetera
1032 1575 1238 1631 monumenta
1263 1567 1367 1631 locum
1392 1568 1538 1632 obtinent

491 1677 566 1734 acta
580 1670 663 1733 binoe
675 1668 901 1753 disputationis
912 1669 953 1732 ab
967 1668 1125 1731 Archelao
1139 1668 1379 1753 Mesopotamia
1390 1668 1537 1753 episcopo

492 1791 562 1834 cum
582 1769 716 1833 Manete
738 1768 866 1831 nelariae
888 1769 1043 1830 haereseos
1065 1777 1205 1843 auctore,
1227 1768 1311 1852 apad
1336 1768 1454 1831 Carras
1474 1766 1537 1851 pri·

491 1893 586 1946 mum,
603 1871 718 1934 deinde
732 1870 765 1933 in
777 1869 962 1932 Diodoridis
975 1869 1051 1932 Vico
1066 1869 1194 1944 habitae,
1206 1891 1339 1953 quoram
1355 1867 1452 1932 editio
1467 1876 1537 1931 tum

490 1973 532 2035 ob
553 1972 696 2035 materia
720 1970 951 2056 praestantiam,
971 1977 1038 2034 tam
1059 1972 1099 2033 ob
1119 1971 1163 2034 rei
1182 1981 1281 2056 gestae
1301 1970 1535 2053 antiquitatem,

490 2073 722 2156 acceptissima,
739 2080 776 2137 ut
790 2072 940 2147 arbitror,
957 2071 1017 2136 illis
1031 2072 1104 2148 erit,
1115 2073 1169 2156 qui
1185 2073 1355 2137 Sacrarum
1372 2072 1536 2137 literarum

490 2178 598 2243 stadio
612 2184 775 2242 tenentur.
820 2175 957 2257 Quinam
972 2186 1047 2240 acta
1065 2176 1129 2240 ista
1149 2177 1276 2261 scriptis
1291 2174 1536 2261 consignaverit,

490 2280 576 2344 inter
598 2279 823 2364 Epiphaniam,
841 2277 1085 2362 Hieronymum,
1100 2285 1134 2342 et
1157 2279 1385 2343 Heraclianum
1407 2278 1536 2343 Ohalco·

490 2383 661 2446 (lonensem
677 2381 860 2466 episcopum
875 2402 938 2444 non
954 2380 1110 2444 convenit.
1146 2380 1283 2445 Sanctus
1297 2381 1380 2444 enim
1396 2380 1535 2465 Epipha-

490 2483 560 2547 nius
575 2484 608 2546 in
625 2482 750 2547 Hoeresi
765 2482 838 2548 lxvi.
857 2504 928 2567 qaae
944 2481 1196 2546 Maniohaeorum
1212 2489 1272 2559 est,
1283 2505 1369 2545 narn.
1383 2483 1446 2546 xxi.
1463 2504 1534 2545 xxv.

490 2592 524 2649 et
544 2584 643 2647 xxxii.
666 2591 700 2648 et
723 2583 756 2647 S.
774 2584 991 2668 Hieronymus
1013 2584 1053 2647 de
1074 2582 1288 2667 Scriptoribas
1306 2583 1536 2647 Ecclesiasticis

490 2686 646 2772 oaplxxii.
658 2685 851 2750 Archelaum
862 2685 974 2771 ipsum,
982 2707 1052 2770 quae
1062 2708 1168 2750 coram
1175 2685 1305 2749 delectis
1310 2685 1470 2769 judicibus
1479 2686 1534 2750 ad·

490 2810 600 2853 versus
609 2787 776 2852 Manetem
787 2787 945 2864 disseruit,
957 2788 1077 2872 scripto
1089 2787 1258 2850 tradidisse
1269 2794 1394 2871 putant.
1433 2787 1536 2851 Hera-

489 2887 611 2952 elianus
625 2910 700 2953 vero
714 2888 980 2953 Chalcedonensis
991 2888 1155 2971 episcopus
1170 2887 1316 2966 inlibris,
1331 2910 1409 2972 quos
1424 2894 1536 2951 contra

491 2990 688 3054 Manichaeos
702 2989 897 3074 conseripsit,
915 2990 1149 3074 Hegemonium
1166 2990 1325 3073 quendam
1341 2990 1465 3053 illoram
1480 3012 1535 3054 au·

490 3097 613 3155 ctorem
626 3089 867 3154 fuissecensuit.
895 3089 1058 3173 Siquidem
1069 3090 1535 3156 Photiasinsuaebibliothecae

489 3189 597 3253 codice
617 3211 732 3253 cxxxv.
756 3189 870 3253 horum
891 3190 1078 3255 Heracliani
1101 3191 1253 3255 librorum
1279 3200 1430 3277 excerpta
1454 3192 1534 3256 rele-

489 3312 572 3367 reas,
595 3290 731 3354 eundem
754 3289 990 3368 Heraclianum,
1011 3292 1069 3370 ait,
1084 3292 1117 3355 in
1140 3293 1340 3358 confutandis
1362 3294 1535 3358 Manichae·

489 3413 580 3456 orum
606 3391 775 3467 erroribus,
799 3413 891 3455 asam
915 3392 1011 3457 luisse
1035 3394 1117 3459 actis
1139 3394 1360 3479 disputationis
1384 3396 1535 3460 Archelai

489 3491 627 3577 episcopi
642 3514 714 3556 cam
727 3492 870 3571 Manete,
882 3494 923 3558 ab
937 3492 1136 3579 Hegemonio
1147 3495 1341 3579 conscriptis.
1374 3494 1419 3559 Et
1431 3495 1535 3560 Hera-

488 3591 582 3657 cliani
609 3592 737 3677 quidem
761 3595 954 3659 sententiam
983 3596 1171 3660 confirmare
1195 3596 1342 3660 videntur
1366 3605 1441 3661 acta
1465 3597 1536 3681 ipsa

489 3694 725 3779 disputationis,
742 3695 774 3757 in
789 3694 903 3779 quibus
918 3717 987 3781 cap.
1003 3697 1112 3760 xxxix.
1127 3697 1196 3761 haec
1210 3697 1351 3783 legimus.
1386 3698 1535 3777 Quoniam

488 3816 557 3859 ocro
571 3796 696 3880 placite
718 3795 869 3861 Marcello
890 3797 1122 3881 disputationem
1145 3798 1225 3862 turc
1246 3800 1354 3883 ccchpi,
1377 3809 1465 3883 atque
1486 3798 1535 3861 dc·

488 3895 591 3974 scribi,
603 3897 805 3962 contradicere
815 3918 874 3961 aaa
881 3898 982 3983 potui,
994 3900 1118 3981 cmificcs
1129 3899 1165 3963 ds
1178 3898 1357 3983 beniqaitatc
1368 3900 1533 3984 spectum,

488 3995 570 4079 qaod
582 3998 702 4061 aeciam
715 3996 841 4074 dolant,
854 3999 883 4061 si
897 3997 975 4083 qaid
986 3999 1169 4083 samnitum,
1185 4010 1241 4064 cat
1260 4000 1406 4064 rusticum
1418 4000 1535 4063 conada

488 4098 607 4173 orata·
631 4099 684 4163 hoo
698 4098 777 4164 onim
792 4109 910 4163 tardam
923 4110 975 4176 est,
991 4102 1071 4185 qaod
1082 4102 1241 4179 ammte,
1257 4112 1291 4166 ut
1312 4103 1357 4166 rei
1368 4113 1457 4187 yestcc
1471 4124 1535 4186 cop·

487 4199 564 4266 m'tio
577 4201 742 4265 studiosum
756 4223 895 4287 quemue
908 4223 968 4266 oon
982 4202 1083 4268 lateat
1116 4203 1162 4268 Et
1176 4204 1291 4269 clarius
1305 4204 1337 4267 in
1353 4205 1534 4269 eorumdem

487 4321 558 4387 cap.
571 4301 699 4376 ultimo;
719 4301 832 4383 Quibus
841 4314 946 4390 postea
960 4306 1072 4390 αρπίτὶε
1082 4305 1252 4371 Archelaus
1262 4306 1374 4390 adjech
1384 4328 1420 4370 ca
1430 4306 1536 4390 priori

487 4399 697 4485 dt'spatatioai,
713 4412 747 4467 ut
768 4403 902 4469 omnibus
923 4406 1212 4483 inconstantem&
1232 4429 1290 4492 spo,
1306 4410 1361 4493 pai
1382 4407 1534 4492 immissi,

486 4501 522 4565 in
536 4502 696 4588 prioribus
714 4507 846 4591 asperim.
894 4508 1067 4573 Verisimile
1082 4509 1165 4574 enim
1186 4532 1249 4573 non
1271 4517 1321 4574 est
1340 4508 1534 4573 Archelaum

487 4603 535 4670 ite
556 4605 696 4672 locutum
717 4607 823 4686 luisse,
839 4609 865 4672 si
888 4609 1031 4696 ipsemet,
1047 4633 1117 4695 qaae
1140 4632 1223 4675 nano
1245 4611 1410 4685 habemus,
1427 4609 1534 4694 dispu-
