3817 5692
425 691 468 753 38
647 691 900 753 ARCHELAI
933 692 997 753 ET
1030 691 1250 754 MANETIS

425 861 510 930 litiae
536 858 700 953 cingulo;
736 861 794 929 alii
822 883 913 943 vero,
933 861 993 929 vix
1019 868 1145 951 quarta
1173 860 1365 951 pretiorum
1394 884 1473 952 por·

426 979 523 1047 tione
541 986 712 1068 suscepta,
730 978 774 1047 ad
793 978 933 1069 propria
957 985 1070 1047 castra
1086 976 1329 1060 discederent3
1356 979 1474 1047 coeteri

425 1101 546 1164 autem
564 1114 687 1184 parum
712 1093 856 1161 omnino
874 1091 1018 1183 aliquid,
1036 1099 1211 1183 quantum
1228 1092 1358 1162 viatico
1379 1092 1474 1163 suffi-

426 1216 533 1290 ceret,
551 1206 763 1298 accipientes
781 1207 930 1277 abirent.

476 1322 527 1394 II.
555 1322 624 1393 His
646 1323 767 1413 itaque
789 1324 899 1415 gestis
923 1323 1025 1393 laetus
1048 1321 1243 1392 Marcellus
1266 1331 1343 1392 erat
1360 1322 1472 1406 valde,

426 1446 464 1508 et
488 1438 601 1508 accito
625 1460 696 1507 uno
722 1460 768 1507 ex
792 1438 951 1529 captivis,
970 1436 1140 1529 Cortynia
1163 1438 1315 1519 nomine,
1334 1438 1475 1529 perqui-

425 1553 526 1623 rebat
543 1554 588 1624 ab
606 1576 649 1623 eo
666 1575 808 1623 causam
827 1552 921 1634 belli,
940 1551 997 1622 vel
1013 1576 1085 1644 quo
1102 1575 1186 1623 casu
1203 1553 1269 1645 ipsi
1292 1552 1474 1622 inferiores

426 1669 621 1749 extiterint,
647 1691 688 1738 ac
715 1668 864 1738 vinculis
893 1668 1108 1760 captivitatis
1139 1669 1260 1738 innexi
1290 1670 1371 1737 sint.
1423 1666 1475 1737 At

426 1783 498 1866 ille,
515 1782 681 1874 loquendi
702 1782 768 1852 sibi
786 1791 964 1872 potestate
982 1785 1159 1874 permissa,
1178 1784 1229 1852 ita
1245 1804 1391 1853 exorsus
1408 1792 1472 1852 est.

428 1897 516 1979 Nos,
545 1898 699 1969 Domine
728 1899 778 1966 mi
809 1895 993 1978 Marcelle,
1023 1896 1155 1964 viventi
1190 1894 1269 1965 Deo
1298 1896 1475 1965 credimus

427 2014 503 2085 soli.
557 2014 622 2083 Est
640 2023 762 2083 autem
782 2013 884 2083 nobis
906 2035 984 2083 mos
1007 2012 1208 2103 hujusmodi
1227 2010 1374 2081 Patrum
1394 2033 1475 2081 nos-

427 2138 562 2199 trorum
586 2131 623 2198 in
644 2151 708 2198 nos
725 2128 914 2197 traditione
933 2128 1157 2208 descendens,
1176 2129 1309 2219 quique
1330 2149 1351 2196 a
1374 2127 1475 2197 nobis

427 2241 631 2311 observatus
657 2249 712 2309 est
737 2261 849 2329 usqne
876 2239 919 2310 ad
946 2240 1041 2310 hunc
1068 2241 1171 2319 diem,
1190 2263 1253 2333 per
1273 2262 1382 2311 annos
1405 2241 1475 2309 sin-

427 2354 529 2448 gulos
554 2363 657 2425 extra
682 2354 806 2424 urbem
833 2357 972 2449 egressi,
998 2378 1067 2424 una
1092 2378 1174 2425 cum
1201 2356 1408 2449 conjugibus
1433 2378 1474 2425 ac

427 2471 558 2553 liberis,
588 2469 825 2562 supplicamus
855 2470 930 2553 soli,
962 2481 1000 2542 et
1029 2472 1195 2541 invisibili
1226 2472 1315 2554 Deo,
1345 2472 1474 2542 imbres

427 2587 472 2657 ab
501 2609 543 2656 eo
573 2587 657 2657 satis
686 2585 813 2656 nostris
843 2609 883 2656 ac
911 2587 1071 2680 frugibus
1103 2589 1347 2659 obsecrantes:
1379 2588 1473 2678 quod

428 2724 510 2773 cum
536 2710 706 2794 tempore,
731 2724 771 2772 ac
798 2724 896 2772 more
922 2700 1026 2772 solito
1053 2702 1320 2785 celebraremus,
1347 2705 1474 2773 immo-

428 2826 545 2888 rantes
563 2819 703 2908 jejunos
727 2841 850 2910 vesper
872 2818 1022 2899 obtexit,
1041 2828 1078 2887 et
1101 2818 1295 2911 gravabant
1318 2841 1382 2889 nos
1402 2818 1473 2888 duo

428 2933 587 3002 omnium
629 2934 843 3015 difficillima,
872 2934 1062 3025 jejunium,
1097 2944 1135 3003 et
1173 2933 1311 3027 vigiliae.
1372 2933 1475 3004 Circa

427 3046 585 3115 medium
617 3069 698 3116 vero
729 3047 842 3117 noctis
876 3048 1015 3118 invidus
1045 3049 1155 3130 nobis,
1186 3057 1224 3118 et
1254 3050 1475 3140 importunus

428 3180 572 3229 somnus
597 3159 772 3251 obrepsit3
803 3170 840 3231 et
866 3163 1061 3233 cervicibus
1087 3163 1286 3255 degravatis
1311 3185 1352 3232 ac
1376 3160 1474 3245 laxis,

428 3267 604 3345 ‘demerso
622 3276 746 3366 capite,
761 3276 914 3345 frontem
931 3279 1081 3372 genibus
1098 3277 1210 3348 elidit.
1254 3276 1336 3348 Hoc
1353 3287 1474 3348 autem

429 3388 563 3458 factum
589 3399 653 3473 est,
671 3392 837 3482 quoniam
863 3402 1005 3486 tempus
1030 3396 1161 3475 aderat,
1180 3401 1222 3462 ut
1248 3393 1317 3463 Dei
1336 3394 1474 3484 judicio

429 3586 506 3643 quem
519 3568 621 3627 Petras
635 3571 801 3638 catechism,-
818 3573 879 3630 dum
894 3582 982 3630 tumen
996 3582 1119 3647 susceptu
1128 3574 1195 3648 fide,
1206 3582 1286 3648 atque
1298 3574 1416 3649 neuma,
1428 3583 1474 3630 aut

428 3666 599 3723 deserendum
613 3668 705 3724 atatim
719 3669 766 3734 sit,
782 3677 812 3725 at
825 3668 917 3725 multia
931 3678 1029 3734 actum,
1044 3670 1226 3727 autumnitas
1238 3670 1325 3726 modu
1343 3670 1474 3726 meilleu-

429 3764 500 3829 dum,
515 3783 547 3820 ae
565 3765 631 3839 quid
647 3765 776 3822 aduersus
790 3766 879 3822 Deum
901 3768 1092 3831 committatur,
1109 3785 1166 3840 quc
1183 3785 1231 3823 aec
1246 3786 1280 3823 ea
1295 3767 1394 3823 militia
1407 3787 1473 3842 per-

429 3859 590 3928 mittentem
614 3870 661 3918 aut
682 3863 824 3919 monam
839 3864 1042 3938 perpetiendum
1057 3883 1113 3939 pro
1134 3864 1207 3932 Deo,
1227 3865 1297 3939 qaod
1316 3883 1389 3939 uque
1402 3866 1475 3939 fides

423 3974 534 4031 pagana
555 3958 683 4015 condixit.
725 3959 884 4016 Concilium
901 3960 1052 4017 Nicssuum
1072 3978 1193 4018 cau.12.
1211 3960 1365 4036 Quicum
1385 3964 1475 4018 uomti

424 4071 478 4127 per
499 4054 627 4127 gratiam,
648 4057 766 4130 primum
790 4057 894 4131 quidem
918 4058 1045 4133 impetum
1069 4067 1293 4125 monstraverant,
1317 4060 1476 4134 deponentes

428 4147 533 4205 militia
553 4152 695 4226 uinquam,
712 4155 881 4228 postmodam
899 4173 964 4211 uero
985 4155 1022 4211 ad
1036 4156 1180 4230 proprium
1200 4156 1327 4212 uomitum
1346 4165 1409 4212 suat
1430 4175 1475 4212 re·

429 4246 509 4321 lapsi,
530 4247 570 4302 ila
591 4257 620 4304 ut
640 4250 747 4323 quidum
771 4260 797 4307 et
814 4252 944 4326 pessmus
967 4252 1123 4315 tribuerent,
1145 4262 1171 4309 el
1193 4252 1328 4326 beneficiis
1347 4253 1475 4310 militiam

429 4352 587 4419 repeterent,
601 4344 630 4401 ln'
648 4347 736 4403 &con
755 4349 833 4405 aunis
845 4358 912 4423 post
931 4350 1042 4406 triennii
1060 4351 1325 4425 impungnatum
1337 4351 1475 4408 cadimtes

429 4450 516 4506 eraut,
530 4442 558 4497 iu
578 4442 722 4517 afflictione
735 4454 922 4519 pemmoni.
958 4446 1031 4503 Vide
1052 4446 1164 4521 Lupum
1185 4456 1215 4505 et
1236 4447 1424 4523 Beveregium
1444 4448 1474 4504 in

429 4536 551 4596 eundem
564 4556 710 4598 mnonem.

826 4636 946 4705 'Forte
961 4641 1079 4698 ἀὺιιὶεεο.
