3817 5692
427 691 471 755 56
659 690 913 755 ARCHELAI
939 690 1003 752 ET
1030 686 1246 751 MANETlS

424 897 564 966 χοντας,
580 860 663 944 τοὺς
682 863 719 940 ἐν
732 867 783 967 τῷ
802 860 1025 961 στερειόματι
1045 857 1114 939 ὑπὸ
1132 866 1197 937 τοῦ
1214 857 1343 959 ζῶντος
1362 857 1477 936 Πνεό-

424 1021 536 1087 ματος
561 986 811 1090 ἀνενεχθέντος
838 990 897 1065 καὶ
923 985 1205 1087 στανρωθέντας,
1225 982 1477 1088 φαινομένηδὲ

423 1122 497 1196 τοῖς
518 1114 644 1218 ἆῤῥεσι
663 1113 790 1212 θήλεια
807 1115 996 1216 εὔμορφος,
1014 1118 1091 1195 ταῖς
1109 1109 1147 1189 δὲ
1166 1111 1322 1209 θηλείαις
1341 1110 1478 1193 νεανίας
1568 1168 1571 1173 -

424 1238 556 1338 εὐειδὴς
575 1244 632 1318 καὶ
650 1237 874 1339 ἐπιθυμητός·
904 1239 963 1316 καὶ
990 1242 1022 1316 οἱ
1049 1235 1114 1334 μὲν
1125 1235 1324 1339 Ἄρχοντες
1342 1233 1478 1315 ὁπόταν

425 1367 554 1444 ἴδωσιν
572 1363 682 1464 αὐτὴν
700 1364 1057 1461 κεκαλλωπισμένην,
1075 1367 1302 1462 οἶστροῦνται
1320 1366 1371 1467 τῷ
1390 1362 1478 1465 φίλ-

424 1525 509 1599 τριρ,
528 1494 587 1570 καὶ
604 1490 655 1590 μὴ
674 1490 859 1590 δυνάμενοι
878 1487 989 1588 αι’πὴν
1007 1493 1235 1584 καταλαβεῖν,
1250 1490 1369 1570 δεινῶς
1387 1488 1478 1592 φλέ-

425 1648 549 1716 γονται
560 1623 612 1722 τῷ
622 1620 776 1722 ἐρωτικῷ
785 1613 899 1722 πόθῳ,
910 1611 974 1693 τόν
985 1622 1069 1692 νοῦν
1078 1611 1374 1718 ἐξαρπασθέντες.
1391 1612 1478 1693 ὅταν

426 1741 488 1818 οὖν
505 1738 703 1845 τρεχόντων
721 1742 849 1837 αὐτῶν,
874 1740 896 1839 ἡ
922 1738 1108 1841 Παρθένος
1134 1735 1295 1842 ἄφαντος
1323 1739 1476 1839 γένηται,

425 1864 504 1944 τότε
524 1862 706 1970 όἈρχων
733 1868 753 1944 5
781 1866 893 1968 με’γας
923 1863 1130 1967 προβάλλει
1163 1862 1228 1947 τὰς
1256 1863 1409 1970 νεφέλας
1436 1864 1481 1970 ἐξ

426 1992 544 2086 αὐτοῦ,
573 1990 670 2072 ὅπως
701 1992 858 2095 σκοτίσῃ
890 1995 935 2094 τῇ
968 1991 1059 2093 ὀργῇ
1091 1991 1200 2069 αὑτοῦ
1232 1987 1295 2069 τὸν
1323 1990 1474 2090 κόσμον.

426 2121 485 2196 καὶ
503 2119 614 2200 οὕτως
636 2113 698 2194 ἐὰν
714 2117 826 2220 θλίβῃ
851 2114 957 2213 πάνυ,
976 2114 1137 2219 καθάπερ
1164 2116 1352 2219 ἅνθροπιος
1371 2122 1477 2221 ἱδρῶν

426 2247 680 2324 ἀποκοποῦται.
710 2244 730 2322 5
749 2241 786 2323 δὲ
806 2242 911 2346 ἱδρὼς
929 2245 1038 2322 αὐτοῦ
1055 2244 1190 2342 duriori
1208 2243 1339 2349 βροχή.
1369 2246 1479 2344 ’ὁμοῦ

426 2372 484 2447 καὶ
503 2370 523 2447 5
543 2364 712 2469 θερισμὸς
730 2365 852 2471 ἅρχων
864 2366 927 2446 ἐὰν
938 2373 1086 2472 συληθῇ
1110 2364 1262 2466 ὑπὸτῆς
1282 2366 1477 2470 Παρθένου,

426 2597 513 2662 furto
535 2597 658 2683 appetit
681 2597 855 2682 Principes,
871 2595 925 2681 qui
976 2594 1117 2673 excitati,
1133 2596 1218 2680 rapti
1233 2602 1308 2659 sunt
1324 2595 1407 2659 enim
1421 2595 1479 2659 yli-

427 2690 503 2746 sunt
516 2681 549 2746 in
559 2681 927 2747 firmamentouvivente
977 2680 1093 2744 bidinis
1125 2682 1245 2745 calore:
1286 2702 1357 2745 cum
1394 2680 1479 2744 enim

428 2767 549 2852 Spiritu
575 2768 693 2845 educti,
716 2773 750 2831 et
775 2766 927 2842 crucifixi,
977 2765 1178 2829 currentibus
1202 2773 1275 2851 post
1299 2787 1370 2830 eam
1390 2765 1477 2830 anxii

427 2875 499 2938 quee
523 2874 594 2916 cum
617 2852 811 2937 apperuerit,
834 2851 929 2915 mori-
977 2850 1082 2915 effecti
1096 2851 1240 2928 fuissent,
1260 2851 1357 2934 Virgo
1371 2850 1478 2915 subito

427 2938 487 3001 bus
502 2938 757 3002 foemincdecoro
772 2948 927 3022 apparet3
978 2957 1134 3020 nusquam
1155 2936 1343 3020 comparuit.
1389 2936 1479 3000 Tunc

428 3023 566 3087 foemiuie
591 3044 665 3086 vero
694 3022 927 3087 adolescentem
978 3021 1132 3104 Princeps
1146 3021 1198 3085 ille
1215 3043 1349 3105 magnus
1363 3022 1479 3106 produ-

428 3107 603 3192 speciosum
637 3114 671 3171 et
702 3106 927 3192 concupiscibi·
978 3106 1022 3170 cit
1038 3106 1167 3170 nebulas
1182 3129 1222 3170 ex
1236 3106 1416 3192 semetipso,
1430 3106 1479 3170 uti

427 3191 490 3256 lem
504 3193 712 3258 demonstrat.
756 3191 819 3256 Sed
838 3192 929 3255 Prin·
979 3192 1128 3256 obscuret
1151 3192 1183 3255 iu
1206 3191 1255 3256 im
1276 3214 1335 3256 suc
1354 3213 1479 3256 omnem

428 3278 513 3362 cipes
538 3277 674 3362 quidem,
695 3300 767 3342 cum
792 3299 864 3342 ecm
885 3276 928 3340 vi·
979 3277 1143 3352 mundum,
1155 3276 1208 3375 qui
1220 3298 1292 3340 cum
1307 3277 1479 3342 tribulatus

428 3363 534 3427 derint
565 3371 762 3440 exornatum,
793 3376 929 3428 ”amore
979 3360 1076 3426 suerit
1092 3362 1271 3446 plurmum,
1287 3362 1369 3426 sicut
1382 3362 1479 3425 homo

428 3448 497 3531 ejus
511 3449 543 3512 iu
562 3448 725 3513 libidinem
742 3455 910 3512 moventur
919 3471 928 3523 ;
979 3448 1076 3511 sudat
1100 3453 1173 3545 post
1198 3446 1349 3521 laborem,
1373 3447 1420 3512 ito
1445 3455 1479 3511 et

428 3539 463 3596 et
492 3533 567 3617 quic
595 3555 666 3599 eom
691 3533 929 3619 apprehendere
980 3532 1031 3596 hic
1055 3534 1207 3617 Pnnccps
1223 3533 1337 3597 2sudat
1359 3555 1400 3597 ex
1422 3532 1479 3597 tri·

428 3639 491 3681 non
505 3626 648 3703 possunt,
664 3619 867 3683 vehementer
883 3618 929 3680 in·
978 3616 1141 3681 bulatione
1170 3639 1238 3694 suo,
1264 3617 1354 3701 cujus
1383 3619 1479 3682 sudor

429 3702 590 3787 stigontur
625 3704 742 3769 amoris
778 3702 929 3767 incendiis
979 3701 1093 3787 pluviae
1108 3710 1194 3766 eunt.
1239 3703 1321 3767 ³Sed
1344 3711 1377 3768 et
1399 3725 1478 3767 mes-

470 3929 485 3960 ¹
507 3920 613 3977 Melior
626 3920 656 3977 in
670 3940 749 3995 seqq.
758 3921 909 3996 Epiphanii
919 3921 1013 3985 lectio,
1023 3940 1086 3996 quae
1100 3921 1141 3977 sic
1154 3920 1241 3977 latine
1255 3929 1346 3977 sonet.
1368 3921 1480 4001 nlmcn'c

428 4025 509 4074 oeelrc
523 4026 649 4093 αρνοιιιτ,
664 4037 776 4094 cumque
789 4037 846 4075 cam
861 4019 968 4093 assequi
981 4026 1119 4094 nequeant,
1131 4025 1210 4073 cetra
1224 4026 1334 4073 mentem
1348 4020 1411 4082 acti,
1418 4035 1479 4093 proe

429 4131 528 4178 umore,
543 4122 569 4169 et
584 4113 730 4189 cupiditate
750 4117 849 4171 mirum
874 4116 902 4170 ιἰι
924 4116 1030 4171 modum
1051 4114 1238 4171 exardescunt.
1283 4114 1370 4178 Quum
1384 4115 1478 4189 icitur.

429 4210 632 4266 accurrentibus
646 4211 713 4274 illic.
727 4212 806 4285 circo
819 4228 849 4266 se
863 4230 897 4267 ec
909 4212 1018 4269 illorum
1031 4219 1140 4287 aspectu
1154 4210 1320 4274 subduxerit,
1332 4220 1403 4276 tunc,
1413 4212 1465 4268 &c

471 4316 486 4359 ι
507 4305 586 4362 Male
610 4307 701 4363 codex
727 4305 885 4375 Bobiensis,
909 4306 1030 4364 libidinis
1053 4310 1154 4366 amoris
1174 4306 1309 4373 calorem
1330 4326 1390 4364 oum
1415 4326 1479 4383 erqo

429 4402 599 4461 currentibus
612 4405 652 4460 cie
661 4412 726 4478 post
740 4422 808 4469 cam,
821 4406 912 4479 circo,
927 4406 977 4461 &c

470 4513 484 4543 2
505 4499 585 4556 Idem
600 4501 699 4564 codex,
713 4501 791 4557 sudat
805 4502 831 4557 ei
844 4521 877 4557 ec
891 4502 1066 4558 tribulatione
1079 4521 1140 4568 cuc,
1156 4501 1350 4577 praeelectio.

470 4608 485 4640 ³
508 4596 681 4671 Epiphanius
703 4597 788 4655 habet
809 4618 845 4655 ex
861 4599 990 4655 versione
1005 4598 1122 4666 Petarii,
1140 4599 1189 4656 Sic
1207 4608 1234 4656 et
1247 4599 1384 4675 Princeps
1397 4598 1477 4664 ulter,
