3817 5692
750 677 1061 741 DISPUTATIO.
1364 681 1429 751 197

380 848 518 940 tiquior,
537 871 607 917 non
625 848 729 942 longe
747 859 827 941 post
845 859 1045 919 nostrorum
1064 847 1319 942 Apostolorum
1337 862 1429 924 tem·

379 986 472 1054 pora,
487 964 547 1054 qui
565 972 601 1033 et
619 964 693 1055 ipse
710 987 793 1033 cum
810 974 903 1034 esset
922 973 1094 1044 versutus,
1108 974 1145 1034 et
1163 966 1318 1049 vidisset,
1332 972 1427 1059 quod

379 1100 422 1147 eo
433 1087 593 1169 tempore
603 1078 679 1169 jam
692 1088 810 1149 essent
824 1080 942 1150 omnia
953 1089 1206 1172 praeoccupata,
1218 1081 1427 1154 dualitatem

377 1194 481 1263 istam
499 1193 611 1263 voluit
634 1193 817 1276 affirmare,
836 1217 917 1285 quae
940 1197 1051 1265 etiam
1078 1196 1171 1287 apud
1194 1194 1425 1289 scythianum

376 1317 462 1378 erat.
513 1308 678 1399 Denique
709 1332 790 1379 oum
821 1308 909 1378 nihil
943 1309 1100 1392 haberet,
1132 1312 1226 1401 quod
1256 1320 1426 1383 assereret

376 1423 565 1515 proprium,
604 1420 702 1494 laliis
740 1424 844 1494 dictis
883 1425 1066 1516 proposuit
1098 1425 1321 1496 adversariis.
1378 1426 1427 1496 Et

376 1561 499 1607 omnes
521 1539 597 1629 ejus
621 1538 700 1609 libri
723 1538 881 1609 difficilia
904 1540 1064 1630 quaedam
1082 1550 1120 1610 et
1137 1541 1327 1633 asperrima
1344 1563 1427 1611 cou-

376 1652 503 1722 tinent.
561 1651 673 1721 Extat
699 1660 818 1723 tamen
845 1655 1157 1725 tertiusdecimus
1183 1653 1273 1724 liber
1297 1661 1426 1725 tracta·

377 1773 478 1835 tuum
496 1766 583 1856 ejus,
601 1766 700 1857 cujus
717 1767 859 1836 initium
877 1766 950 1836 tale
967 1775 1032 1837 est.
1082 1764 1239 1837 Tertium
1257 1765 1424 1836 mamam

375 1876 472 1948 uobis
489 1887 696 1950 tractatuum
716 1877 939 1950 sorbentibus
956 1877 1092 1962 lituum,
1108 1879 1335 1950 necessarium
1353 1905 1424 1952 ser-

374 2017 505 2063 monem
528 1992 728 2087 uberemque
756 1991 921 2063 salutaria
949 2016 1061 2064 seruo
1085 1994 1278 2087 praestavit.
1337 1995 1424 2066 ¹Per

374 2109 552 2200 parvulam
579 2110 698 2179 divitis
722 2117 760 2177 ct
785 2108 947 2200 pauperis
968 2118 1131 2179 naturam
1154 2110 1229 2178 sine
1250 2111 1367 2181 radice
1384 2122 1422 2182 et

373 2225 449 2293 sine
479 2222 557 2294 loco
587 2225 691 2294 rebus
722 2223 1042 2315 supervenientem,
1070 2225 1165 2294 unde
1195 2224 1422 2317 pullulaverit

254 2407 258 2414 ,
373 2337 515 2409 indicat.
568 2338 649 2409 Hoc
683 2347 803 2409 sutem
839 2338 953 2410 solum
984 2348 1091 2430 caput
1121 2339 1211 2412 liber
1239 2343 1421 2413 continet?

374 2452 503 2523 Nonne
520 2454 680 2522 continet
697 2461 734 2522 et
751 2451 859 2521 alium
878 2474 1088 2535 sermonem,
1107 2459 1161 2523 ’et
1178 2454 1269 2523 nont
1287 2458 1420 2547 opinati

372 2577 455 2637 sunt
481 2568 636 2659 quidam,
664 2587 780 2636 nonne
810 2589 933 2637 omues
963 2566 1189 2638 offendemini
1219 2569 1295 2659 ipso
1320 2571 1419 2653 libro,

372 2682 471 2772 cujus
488 2683 628 2751 initium
647 2689 724 2751 erat
740 2679 831 2750 hoel
876 2679 947 2750 Sed
969 2682 1105 2752 adrem
1125 2684 1274 2765 rediens,
1293 2683 1419 2754 Basili·

372 2796 434 2866 des
451 2796 646 2887 interjectis
663 2795 742 2887 plus
759 2796 876 2865 minus
890 2796 945 2866 vel
964 2797 1166 2889 quingentis
1183 2799 1341 2868 versibus
1358 2800 1419 2881 ait,

371 2908 502 2982 Desine
518 2909 559 2981 ab
577 2911 688 2996 iacui,
706 2919 738 2981 et
763 2910 901 2981 curiosa
925 2911 1100 2995 varietate,
1117 2912 1334 3006 requiramus
1358 2937 1420 2984 uu-

372 3035 436 3097 tem
455 3030 573 3124 magis,
585 3051 662 3122 quoe
674 3026 716 3097 de
732 3026 829 3099 bouus
846 3036 877 3097 et
890 3026 991 3098 naulis
1004 3030 1105 3098 etiam
1120 3026 1260 3100 barbari
1271 3030 1420 3126 inquisi-

371 3276 468 3333 drious
489 3276 576 3332 libros
592 3292 638 3347 24.
654 3277 683 3332 in
698 3276 895 3351 Evangelium,
918 3279 1018 3335 eodem
1040 3279 1163 3335 Eusebio
1185 3287 1268 3346 teste,
1289 3280 1336 3353 qui
1360 3299 1416 3336 oon

369 3374 415 3429 alii
430 3391 492 3429 esse
503 3373 635 3429 videntur
649 3392 666 3429 a
679 3381 850 3430 tractatuum
865 3374 953 3438 libris,
963 3392 1035 3448 quos
1048 3375 1145 3432 laudat
1155 3374 1323 3440 Archelaus,
1338 3385 1367 3433 et
1381 3378 1416 3434 ab

369 3469 523 3545 exegeticis
535 3469 601 3536 illis,
617 3488 652 3526 ex
668 3488 787 3544 quorum
801 3470 874 3526 libro
891 3487 938 3544 23.
959 3473 1087 3545 quaedam
1102 3472 1165 3529 loca
1183 3472 1268 3529 refert
1283 3474 1416 3531 Clemens

369 3567 576 3624 Alexandrinus
591 3568 766 3623 Stromatum
780 3568 829 3624 lib.
845 3585 874 3637 4.
917 3570 964 3624 An
982 3578 1076 3626 autem
1092 3570 1279 3645 Evangelium
1294 3570 1372 3637 illud,
1386 3571 1415 3627 in

369 3661 445 3735 quod
467 3661 605 3717 Basilides
629 3661 751 3735 scripsit,
769 3663 974 3736 Apostolorum
996 3672 1081 3725 esset,
1100 3681 1135 3719 an
1160 3661 1245 3726 aliud,
1267 3662 1343 3736 quod
1364 3680 1416 3718 suo

367 3768 458 3815 marte
472 3758 619 3823 confinxit,
635 3759 715 3832 cujus
729 3758 858 3815 meminit
872 3757 1007 3833 Origines
1023 3758 1110 3814 Hom.
1126 3776 1152 3814 1.
1168 3759 1197 3815 in
1212 3759 1328 3822 Lucam,
1344 3758 1414 3815 Hie·

367 3873 503 3929 ronymus
517 3854 546 3910 in
561 3855 681 3929 prologo
700 3873 815 3911 suorum
830 3855 943 3911 Comm.
960 3855 989 3911 io
1005 3854 1185 3921 Matthaeum,
1199 3863 1228 3912 et
1244 3853 1415 3913 Ambrosius

368 3952 397 4007 in
411 3950 532 4025 prologo
546 3950 575 4006 in
587 3950 773 4024 Evangelium
786 3951 881 4014 Lueae,
892 3970 949 4007 non
965 3952 1034 4008 satis
1047 3952 1154 4026 liquido
1169 3960 1291 4009 constat.
1315 3952 1413 4024 (Cani.

368 4055 428 4104 not.
444 4047 480 4103 ad
495 4046 599 4103 Euseb.
616 4065 681 4120 pag.
698 4046 747 4121 89.
762 4046 819 4102 vol.
834 4047 853 4102 i.
869 4046 1023 4122 Reliquiar.
1038 4056 1067 4104 et
1084 4057 1181 4105 notam
1197 4050 1233 4105 ad
1246 4049 1414 4122 scriptorem

368 4146 403 4201 de
413 4143 530 4201 Conone
541 4143 580 4200 N.
589 4142 624 4199 Τ.
635 4161 664 4217 p.
674 4159 744 4216 432·
766 4142 810 4199 De
821 4149 904 4199 aetate
914 4143 1046 4199 Basilidis
1055 4143 1112 4200 vid.
1121 4164 1149 4219 p.
1161 4163 1177 4200 2
1181 4144 1230 4220 58.
1242 4145 1332 4219 ejusd.
1341 4148 1412 4218 vol.)

407 4239 416 4284 ¹
430 4243 527 4307 Forte,
540 4241 655 4300 aliorum
669 4241 753 4297 dieta.

411 4391 417 4419 ¹
438 4384 480 4458 [H
483 4403 524 4441 sec
537 4402 626 4459 usque
640 4384 677 4441 ad
690 4404 789 4443 vocem
804 4385 907 4442 indicat
920 4383 1139 4447 Basilidisesse,
1155 4391 1184 4440 et
1202 4401 1267 4439 cum
1285 4381 1411 4456 superio·

366 4481 444 4538 ribus
458 4482 658 4556 conjungenda
671 4499 783 4540 censeo.
822 4481 900 4550 Quid
914 4480 1056 4555 significet
1069 4498 1125 4536 vox
1134 4478 1281 4554 parvulam
1295 4479 1409 4551 amolo,

367 4598 402 4635 an
413 4578 572 4653 parabolam
588 4578 766 4636 scribendum
775 4581 802 4653 i]
898 4582 901 4586 ’
970 4583 978 4607 “
996 4577 1076 4650 [For.
1092 4573 1306 4647 adolendum]
