3817 5692
639 684 703 745 DE
729 682 1112 746 REBAPTISMATE
1137 680 1293 744 LIBER.
1424 679 1489 743 313

436 854 588 924 tismatis
616 856 755 937 studio;
781 856 810 925 si
839 854 900 924 ille
926 854 987 945 qui
1013 854 1058 923 ad
1080 852 1276 923 Ecclesiam
1301 852 1489 923 revertitur

436 967 551 1038 noluit
575 970 691 1040 denuo
717 970 897 1063 baptizari,
916 970 1077 1038 futurum
1100 978 1155 1038 est
1178 976 1220 1037 ut
1240 966 1488 1037 defraudemus

436 1084 648 1177 baptismate
672 1086 820 1178 spiritali
844 1108 938 1169 eum,
961 1107 1067 1177 quem
1089 1094 1256 1176 putamus
1279 1082 1488 1152 defraudan-

435 1201 520 1269 dum
538 1223 610 1269 non
626 1222 704 1271 esse
722 1201 936 1293 baptismate
954 1222 1067 1291 aquae.

486 1313 537 1384 X.
564 1315 660 1399 Quid
682 1325 803 1386 autem
830 1324 965 1385 statues
987 1316 1024 1384 in
1045 1336 1229 1405 personam
1246 1314 1322 1404 ejus
1340 1312 1487 1382 verbum
1609 1355 1611 1360 ·

435 1429 622 1509 audientis,
648 1431 709 1519 qui
741 1429 834 1498 forte
859 1428 1098 1521 adprehensus
1124 1428 1161 1496 in
1186 1427 1330 1497 nomine
1356 1425 1487 1497 Christi

434 1543 556 1613 statim
582 1544 773 1626 coufessus,
796 1566 837 1613 sc
864 1544 1066 1636 priusquam
1094 1544 1263 1635 baptizari
1291 1566 1382 1635 aqua
1408 1567 1488 1636 per-

435 1657 640 1727 mitteretur
664 1658 707 1739 ei,
736 1657 860 1727 ¹fuerit
885 1656 1054 1748 punitus?
1087 1654 1220 1726 Utrum
1247 1656 1378 1749 perisse
1402 1680 1487 1727 eum

434 1772 690 1863 pronuntiabis,
708 1774 792 1865 quia
814 1795 887 1842 non
908 1782 962 1842 est
986 1795 1078 1863 aqua
1095 1772 1314 1864 baptizatus3
1340 1795 1385 1841 an
1402 1796 1486 1843 vero

433 1886 567 1978 aliquid
591 1887 810 1958 extrinsecus
834 1887 1047 1979 patrocinari
1070 1888 1103 1956 ei
1126 1886 1171 1955 ad
1197 1884 1347 1955 salutem
1365 1887 1487 1957 existi-

433 2001 556 2084 mabis,
580 2001 665 2073 licet
688 2026 759 2073 non
787 2003 833 2073 sit
856 2024 947 2093 aqua
973 2001 1196 2093 baptizatus?
1222 2000 1327 2084 Quod
1354 2001 1485 2094 perisse

433 2140 515 2186 cum
544 2118 776 2200 existimabis,
803 2117 942 2187 obviam
970 2117 1036 2186 tibi
1063 2117 1182 2185 veniet
1208 2117 1385 2186 sententia
1411 2114 1485 2185 Do·

433 2234 519 2302 mini
547 2233 707 2313 dicentis,
727 2231 939 2326 Quicumque
964 2256 1017 2301 me
1042 2228 1215 2326 consessus
1225 2228 1345 2326 suerit
1366 2253 1480 2302 corum
1491 2248 1621 2301 Massa.

432 2345 637 2430 hominibus,
662 2345 843 2440 confitebor
866 2345 962 2417 ilium
993 2356 1025 2417 et
1051 2370 1110 2444 epo
1138 2370 1252 2419 corum
1273 2344 1383 2417 Patre
1409 2328 1531 2418 meo³²‘

432 2463 494 2555 put'
511 2463 549 2531 in
566 2460 660 2532 coelis
677 2469 734 2531 est.
787 2461 881 2545 Quia
898 2461 986 2530 nihii
1006 2462 1155 2531 interest
1173 2471 1292 2530 utrum
1311 2461 1369 2533 hio
1386 2469 1482 2532 'ver-

432 2577 518 2646 bum
544 2577 700 2658 audiens,
725 2600 771 2646 an
796 2576 910 2646 fidelis
939 2578 985 2646 sit
1016 2578 1075 2668 qui
1104 2577 1293 2645 confitetur
1314 2576 1480 2659 Domino,

431 2690 625 2760 dummodo
655 2690 771 2782 ipsum
794 2690 977 2760 Christum
1008 2714 1115 2782 quem
1142 2691 1301 2761 confiteri
1329 2702 1479 2783 oportet,

431 2813 663 2890 confiteatur;
689 2811 773 2902 quia
801 2809 977 2879 Dominus
1005 2810 1077 2901 pari
1108 2811 1183 2880 vice
1212 2810 1414 2880 confitendo
1441 2820 1480 2881 et

431 2927 506 3016 ipse
535 2926 771 2996 confessorem
802 2948 906 2995 suum
936 2924 1030 3017 apud
1062 2923 1206 2994 Patrem
1234 2925 1367 2996 honore
1395 2949 1479 2995 eum

433 3040 591 3132 martyrii
609 3040 674 3121 sui,
692 3047 732 3108 ut
750 3039 928 3130 pollicitus
945 3048 1011 3121 est,
1028 3048 1186 3109 exornet.
1230 3039 1336 3123 Quod
1354 3042 1478 3132 utique

430 3177 501 3224 non
533 3155 640 3224 dehet
670 3154 775 3224 latius
809 3154 931 3245 accipi,
960 3155 1058 3246 quasi
1088 3156 1198 3246 possit
1227 3178 1479 3247 usquequaque

429 3270 571 3362 porrigi,
596 3270 679 3360 quia
703 3277 821 3361 potest
846 3268 977 3338 Christi
1004 3292 1133 3338 nomen
1159 3271 1268 3339 etiam
1293 3269 1479 3340 haereticus

429 3383 566 3476 aliquis,
585 3386 646 3476 qui
672 3395 792 3454 tamen
816 3386 932 3476 ipsum
951 3383 1133 3454 Christum
1159 3393 1277 3479 negat,
1296 3386 1477 3468 confiteri;

429 3502 512 3592 quia
536 3502 572 3569 in
599 3499 710 3570 alium
727 3499 907 3570 Christum
933 3501 1055 3584 credit,
1073 3508 1171 3571 ³cum
1190 3501 1352 3571 Christus
1370 3502 1478 3572 confi·

430 3625 558 3698 teatur‚
576 3617 670 3708 quod
683 3618 716 3686 ei
738 3618 915 3709 prodesse
936 3619 1085 3688 minime
1110 3619 1239 3710 possit3
1265 3619 1311 3687 ⁴si
1332 3618 1477 3707 quidem

431 3728 605 3800 Dominus
623 3754 694 3799 non
712 3732 865 3822 seipsum
880 3732 915 3800 in
930 3732 1186 3802 confessionem
1203 3755 1225 3803 a
1242 3733 1342 3802 nobis
1360 3755 1478 3802 coram

470 3966 477 3987 ¹
492 3941 577 4015 fuerit
592 3959 721 4032 punitus]
739 3959 859 4016 Occisus
873 3979 925 4033 pro
942 3962 1067 4020 nomine.
1089 3964 1214 4019 Rronnr.

470 4056 611 4111 ’verbum
627 4055 756 4129 audiens]
775 4055 1012 4114 Catechumeuus.
1036 4059 1160 4115 Rresnr.

469 4158 556 4208 ³cum
579 4152 712 4208 Christus
734 4153 916 4226 confiteatur]
947 4153 1013 4210 For.
1036 4155 1223 4221 scribendum,
1242 4176 1307 4213 cum
1329 4158 1476 4215 Christum

428 4250 589 4306 confitetur.

468 4347 516 4401 ⁴si
537 4348 651 4421 quidem
672 4347 812 4404 Dominus
834 4367 891 4404 non
912 4349 1052 4424 seipsum]
1077 4351 1254 4425 Legendum,
1272 4350 1409 4407 Dominus
1430 4370 1476 4407 no·

426 4450 491 4506 ster,
507 4453 556 4500 aut
570 4454 645 4501 certe
660 4444 781 4502 delenda
794 4455 838 4502 est
852 4447 977 4521 negandi
991 4446 1136 4521 particula.
1162 4447 1276 4503 Etenim
1291 4446 1362 4504 dixit
1377 4448 1476 4504 Domi.

427 4558 489 4603 nus,
507 4539 561 4602 Qui
581 4559 622 4596 me
640 4542 781 4616 consessus
791 4542 894 4615 fuerit.
919 4544 1046 4600 Rresnr.
1089 4543 1199 4617 Legere
1219 4543 1325 4612 malim,
1340 4545 1473 4620 siquidem

428 4636 564 4692 Dominus
577 4656 628 4692 aon
643 4638 734 4703 alium,
749 4640 798 4695 sed
810 4640 933 4714 stipatam.

471 4754 537 4794 vot·
555 4755 584 4795 V.
917 4758 931 4795 S
946 4757 961 4797 S
