3817 5692
389 674 455 735 244
758 671 790 733 S.
808 669 1080 734 AUGUSTINI

227 853 346 917 oran.
443 844 594 914 Libosus
623 867 645 913 a
675 842 779 937 Vaga
813 844 922 912 dixit:
958 840 1004 913 In
1034 839 1224 937 Evangelio
1253 839 1439 923 Dominus,

226 959 579 1056 semetiipsam,
606 960 729 1054 inquit,
757 960 905 1029 centos:
933 981 1003 1028 aon
1029 956 1131 1037 dicit,
1157 955 1234 1053 Ego
1258 981 1334 1027 sum
1359 981 1441 1029 coo-

390 1074 540 1147 suctudo.
592 1072 716 1168 Itaque
745 1075 886 1145 cecitate
915 1071 1147 1167 inoaisestoto,
1177 1070 1273 1143 cedat
1301 1095 1440 1143 marrie-

227 1036 252 1086 ⁶.

389 1191 471 1261 tudo
487 1190 626 1261 veritati
636 1216 647 1259 .·
676 1200 713 1261 ut
733 1200 764 1260 ct
787 1191 819 1261 si
841 1191 880 1260 in
894 1192 1113 1284 preteritum
1131 1189 1209 1282 quis
1227 1189 1264 1258 in
1282 1187 1440 1260 Ecclesia

388 1304 565 1377 hereticos
582 1328 651 1375 aon
668 1304 872 1399 baptizabat,
890 1328 983 1375 necne
998 1303 1175 1399 baptizare
1192 1304 1347 1398 incipiat.

440 1421 511 1491 Hic
529 1420 615 1490 nihil
634 1422 819 1490 ostendere
842 1430 990 1490 conatus
1013 1429 1067 1489 est
1088 1422 1266 1511 quomodo
1282 1420 1328 1491 sit
1346 1421 1438 1489 veri-

389 1538 468 1617 tas‘,
495 1537 553 1606 eui
579 1534 708 1606 debere
735 1536 821 1605 dicit
846 1536 1138 1605 consuetudinem
1161 1535 1298 1606 cedere.
1351 1534 1440 1604 Plus

388 1661 508 1719 tamen
530 1673 593 1719 uos
618 1651 763 1741 adjuvat
788 1651 954 1719 adversus
980 1650 1066 1719 istos
1089 1651 1149 1740 qui
1173 1674 1211 1720 se
1234 1650 1279 1718 ab
1300 1648 1439 1716 unitate

387 1766 592 1847 diviserunt,
611 1767 704 1856 quod
733 1767 829 1836 illam
854 1765 1145 1836 consuetudinem
1165 1766 1271 1835 fuisse
1292 1763 1439 1834 confite-

388 1889 455 1970 tur,
487 1905 592 1972 quam
622 1882 716 1973 quod
749 1904 826 1951 eam
859 1883 998 1950 veritati
1028 1903 1135 1972 quam
1168 1903 1239 1985 pon
1269 1879 1437 1959 ostendit,

387 1996 513 2067 cedere
542 2006 705 2087 oportere
736 1998 937 2066 arbitratur.
991 1995 1058 2065 llla
1084 2007 1139 2065 est
1169 1996 1262 2065 enim
1291 2016 1438 2064 consue-

388 2112 485 2192 tudo,
504 2134 585 2202 quae
613 2113 640 2181 si
671 2111 858 2203 sacrilegos
887 2113 929 2182 ad
961 2111 1072 2182 altare
1095 2111 1224 2181 Christi
1252 2112 1327 2180 sine
1353 2110 1439 2199 bap-

389 2227 483 2296 tismi
511 2229 719 2319 purgatione
744 2226 968 2308 admittebat,
986 2237 1024 2297 et
1046 2227 1185 2296 nullum
1210 2227 1381 2295 bonorum
1399 2225 1437 2293 in

389 2341 527 2409 unitate
553 2338 745 2431 polluebat,
764 2342 980 2432 quicumque
1005 2365 1043 2411 se
1068 2342 1113 2411 ab
1139 2342 1262 2410 eadem
1289 2341 1438 2420 unitate,

388 2456 426 2524 in
457 2478 526 2545 qua
555 2454 732 2525 nullorum
764 2456 934 2526 malorum
968 2458 1177 2549 contagione
1204 2455 1312 2547 pollui
1339 2464 1440 2545 pote-

390 2579 479 2651 rant,
511 2570 639 2640 frustra
668 2580 929 2662 separaverunt,
958 2571 1184 2640 manifestum
1216 2567 1438 2662 sacrilegium

390 2684 588 2756 schismatis
604 2687 833 2756 admiserunt.
886 2687 924 2755 si
948 2698 1067 2757 autem
1092 2710 1155 2778 per
1176 2685 1273 2755 illam
1291 2707 1440 2755 consue-

389 2801 549 2870 tudinem
580 2824 703 2871 omnes
733 2802 860 2893 polluti
891 2803 1084 2893 perierunt,
1115 2804 1159 2870 de
1190 2825 1259 2892 qua
1288 2823 1439 2870 caverna

388 2914 446 2984 isti
469 2918 543 2985 sine
562 2916 720 3009 originali
741 2919 890 2986 veritate
916 2926 953 2985 et
982 2940 1063 2986 cum
1093 2916 1277 2986 calumniae
1303 2913 1440 2984 callidi-

388 3039 463 3097 tate
492 3031 711 3120 procedunt?
747 3032 784 3100 Si
818 3055 899 3100 vero
932 3040 1030 3100 recta
1058 3031 1175 3099 fuerat
1205 3030 1438 3107 consuetudo,

389 3166 459 3233 qua
484 3145 533 3214 sie
555 3146 837 3238 suscipiebantur
859 3146 1026 3225 haeretici,
1044 3145 1246 3236 relinquant
1272 3144 1438 3221 furorem,

388 3258 567 3330 fateantur
594 3283 768 3344 errorem3
797 3263 938 3331 veniant
964 3262 1009 3330 ad
1036 3260 1267 3339 Catholicam,
1296 3282 1365 3328 non
1397 3272 1439 3327 ut

388 3375 635 3469 retinguantur
651 3386 870 3447 sacramento
888 3377 1119 3468 baptismatis,
1133 3376 1192 3445 sed
1212 3389 1253 3444 ut
1270 3384 1441 3444 curentur

388 3513 410 3559 a
426 3489 531 3584 plaga
548 3492 767 3562 concisionis

440 3605 572 3677 Lucius
599 3629 620 3676 a
643 3607 819 3677 Thebeste
848 3607 959 3678 dixit:
986 3605 1191 3688 Hoereticos,
1217 3603 1439 3699 blasphemos,

388 3729 489 3814 atque
513 3723 650 3815 iniquos
676 3721 786 3793 verbis
809 3723 918 3793 coriis
941 3721 1153 3816 decerperem
1173 3730 1292 3791 anneto
1308 3730 1340 3791 et
1356 3720 1441 3790 odo-

388 3833 515 3906 robilio
544 3835 810 3931 Scripturorom
840 3835 951 3922 ambo,
982 3836 1209 3909 resonandos
1239 3858 1377 3913 cessem·
1407 3844 1440 3904 et

389 3949 465 4021 ideo
482 3951 729 4023 enorcizondos
746 3962 778 4023 ct
793 3952 1026 4047 baptizandos.

439 4066 489 4137 Et
506 4090 572 4160 ego
590 4069 821 4138 exsecrandos
838 4091 987 4150 cense0;
1015 4066 1076 4137 sed
1104 4089 1172 4135 uon
1197 4066 1277 4134 ideo
1303 4065 1440 4133 exorci-

388 4183 517 4251 zandos
544 4192 580 4251 et
608 4184 846 4274 baptizandos.
899 4183 1062 4274 Ipsorum
1089 4194 1144 4252 est
1170 4181 1265 4249 euim
1291 4179 1440 4271 figmen-

388 4306 466 4365 tum
479 4296 573 4389 quod
588 4320 759 4378 exsecror,
774 4296 905 4367 Christi
923 4308 1044 4367 autern
1063 4304 1323 4367 sacramentum
1341 4293 1438 4384 quod

388 4433 544 4481 veneror.

430 4593 440 4629 ῑ
455 4586 553 4643 Hicin
569 4585 652 4642 editis
667 4587 809 4662 superfluo
824 4587 945 4652 additur,
961 4587 1148 4661 manij'estnta.
1185 4587 1294 4656 (Habet
1309 4583 1439 4657 mmifes·

389 4691 456 4748 tcto,
473 4701 526 4740 nec
541 4682 602 4739 sine
617 4702 711 4748 causa,
727 4685 804 4759 prior
818 4685 908 4741 codex
924 4689 1026 4756 meus.)
