3817 5692
508 680 573 744 286
704 680 768 743 DE
794 677 1175 741 REBAPTISMATE
1200 676 1359 740 LIBER.

510 878 615 946 opera
648 854 744 922 edito
774 875 819 920 ex
851 851 982 921 codicis
1011 849 1177 921 Vaticani
1209 850 1279 919 fide
1310 852 1395 920 facit
1425 849 1563 942 Philip-

509 991 575 1059 pus
595 967 767 1048 Labbeus‚
787 977 823 1035 et
841 989 887 1034 ex
911 989 953 1034 eo
971 963 1162 1035 Casimirus
1181 965 1320 1034 Oudin:
1348 965 1475 1057 quibus
1494 989 1563 1058 ego

509 1084 703 1153 rationibus
729 1105 800 1150 non
826 1082 1096 1150 contemnendis
1124 1082 1262 1161 ductus,
1288 1102 1469 1151 assensum
1500 1082 1564 1150 tri·

510 1200 619 1270 buere
642 1222 712 1269 non
736 1222 887 1291 possum,
906 1198 1057 1289 ideoque
1080 1198 1164 1269 alibi
1182 1221 1357 1292 anonymo
1375 1220 1462 1290 opus
1480 1198 1564 1267 reli-

511 1319 580 1408 qui.
634 1316 688 1386 Ut
714 1316 830 1385 forsan
860 1337 930 1382 non
958 1324 1030 1383 tam
1062 1316 1107 1384 ab
1137 1315 1335 1407 ignorantia
1354 1313 1463 1404 (quod
1484 1312 1564 1383 vult

511 1432 700 1502 Casimims
728 1431 863 1521 Oudin)
891 1431 1088 1522 profectum
1120 1432 1175 1512 sit,
1204 1430 1296 1522 quod
1326 1429 1563 1511 doctissimus,

511 1554 548 1616 et
574 1547 592 1614 ὁ
617 1552 666 1614 νῦν
688 1547 719 1614 ἐν
742 1546 861 1635 ἁγίοις,
879 1544 1138 1616 Oxoniensium
1165 1547 1312 1616 antistes
1339 1546 1376 1614 in
1403 1546 1564 1615 editione

511 1684 575 1730 sua
593 1659 800 1753 Cyprianica
825 1658 892 1727 hoc
916 1680 1003 1749 opus
1027 1679 1241 1749 anonymum
1262 1656 1426 1747 reliquit3
1452 1678 1563 1748 quam

512 1776 605 1867 quod
623 1783 783 1845 autorem
801 1772 976 1866 Cypriane
1002 1782 1107 1842 aetate
1131 1772 1237 1842 fuisse
1265 1793 1451 1864 supparem
1477 1793 1562 1841 eum

512 1890 555 1960 cl.
583 1889 750 1983 Rigaltio,
781 1890 927 1979 aliisque
963 1888 1123 1958 credidit.
1175 1888 1283 1957 Certe
1317 1888 1461 1956 unicum
1497 1909 1564 1979 pro

512 2004 643 2074 Ursino
681 2013 932 2097 argumentum
968 2013 1022 2073 est
1056 2003 1186 2072 codicis
1221 2000 1388 2072 Vaticani
1422 2000 1564 2083 titulus,

512 2141 617 2209 quem
645 2119 810 2187 tractatui
837 2141 1012 2211 anonymo
1038 2119 1158 2199 cuivis,
1181 2118 1241 2208 qui
1260 2117 1489 2188 Gennadium
1512 2115 1565 2186 le·

511 2243 620 2325 gerat,
636 2234 786 2322 adjicere
805 2236 839 2301 in
858 2242 1025 2324 promptu
1043 2241 1128 2302 erat.
1181 2232 1240 2302 Sic
1259 2231 1408 2302 Caurus.

563 2346 620 2415 IN
632 2347 744 2416 tribus
755 2357 875 2417 autem
890 2348 1080 2430 codicibus,
1093 2348 1267 2417 referente
1280 2370 1384 2439 supra
1395 2345 1564 2428 Labbaeo,

514 2463 644 2533 Ursino
672 2463 812 2532 libellus
840 2464 1033 2532 attributus
1065 2472 1129 2532 est.
1181 2462 1291 2531 Porro
1320 2473 1453 2555 postea,
1484 2486 1565 2553 quae

513 2588 718 2668 sequuntur,
745 2578 840 2647 idem
871 2577 1007 2647 addidit
1033 2576 1236 2648 Oudinus
1227 2600 1264 2647 rn
1291 2576 1477 2649 Commeat.
1506 2575 1566 2647 De

513 2691 749 2785 Scriptoribus·
765 2690 962 2762 lisele-riost
977 2691 1045 2761 vol
1060 2692 1090 2761 Ι.
1111 2716 1144 2783 p.
1160 2690 1267 2762 1006.
1320 2692 1434 2761 “Tria
1458 2716 1566 2785 argu-

514 2809 702 2876 “'menta
694 2830 730 2876 rn
751 2809 900 2899 gratiam
920 2806 1039 2876 Ursini
1063 2807 1227 2888 militare,
1255 2812 1288 2876 1.
1306 2808 1564 2878 authoritatem

513 2932 533 2960 “
551 2921 738 2993 Gennadii.
768 2930 800 2991 2.
822 2922 1057 3013 Manuscripti
1075 2922 1205 2992 codicis
1219 2921 1445 2993 Vaticani
1449 2922 1566 2992 ,vali-

515 3037 733 3107 “dissimum
757 3062 801 3106 ex
827 3037 979 3106 lectione
998 3037 1077 3105 libri
1095 3035 1323 3128 postulatum.
1376 3037 1469 3106 Nam
1489 3061 1564 3107 non

514 3162 533 3190 “
552 3152 616 3220 nisi
641 3154 684 3222 ad
704 3153 888 3222 authorem
908 3161 1080 3243 spectare,
1098 3155 1157 3243 qui
1176 3151 1336 3243 plurimis
1354 3154 1462 3222 etiam
1480 3163 1565 3246 post

514 3276 534 3304 ‘⁴
552 3277 685 3335 motam
721 3269 766 3336 de
802 3268 977 3357 baptismo
1005 3266 1262 3337 Haereticorum
1294 3270 1563 3339 contentionem

515 3383 769 3472 “temporibus
805 3383 943 3450 vixerit.
996 3381 1052 3449 De
1087 3383 1388 3473 persecutionibus
1423 3383 1458 3451 in
1492 3381 1563 3452 boc

515 3495 641 3564 “libro
663 3496 762 3566 velut
785 3496 900 3565 adbuc
924 3496 1194 3587 perdurantibus
1221 3520 1266 3565 ne
1292 3496 1356 3590 γρὺ
1381 3497 1564 3588 quidem.''

515 3608 603 3679 Hree
621 3608 690 3679 ille.

582 3850 802 3921 Srnruauus
829 3850 1019 3921 Banuzrus
1036 3853 1072 3920 in
1089 3849 1193 3922 Notis
1210 3852 1258 3921 nd
1275 3852 1493 3948 Cypriacam

848 3998 881 4066 p.
897 3973 982 4051 607.
1000 3975 1073 4044 haee
1091 3977 1221 4066 posuit.

565 4110 672 4180 Hune
699 4121 889 4182 tractatum
916 4114 1049 4205 primus
1071 4115 1107 4182 in
1133 4114 1250 4183 lucem
1277 4114 1424 4205 protulit
1452 4115 1567 4187 Nico·

514 4225 589 4295 laus
611 4225 787 4319 Rigaltius
814 4250 858 4295 ex
886 4228 1087 4321 apographo
1111 4228 1299 4299 Sirmondi.
1354 4229 1566 4303 Sirmondus

513 4350 633 4411 autern
670 4341 900 4433 descripserat
935 4365 980 4412 ex
1013 4345 1123 4412 veteri
1154 4343 1276 4413 codiee
1312 4342 1394 4414 MS.
1424 4368 1566 4417 monas-

513 4457 591 4525 terii
611 4457 721 4526 saneti
740 4455 894 4549 Remigii
913 4458 1110 4540 Remensis,
1128 4459 1188 4528 ubi
1212 4460 1347 4550 positus
1368 4470 1422 4530 est
1440 4484 1565 4533 conse-

513 4580 662 4659 quenter
679 4581 758 4662 post
776 4572 962 4663 epistolam
977 4572 1140 4665 Cypriani
1159 4573 1201 4643 ad
1217 4573 1441 4666 Pompeium.
1483 4575 1565 4649 Nos
