3817 5692
587 674 650 734 224
953 677 984 735 S.
1003 674 1274 738 AUGUSTINI

637 846 704 915 Cui
739 846 988 936 respondetur:
1026 845 1207 916 Universoe
1245 847 1413 916 Ecclesiae
1448 850 1632 920 catholicae

587 962 762 1030 sententia
780 962 857 1030 haec
875 971 940 1042 est,
959 973 999 1029 ut
1017 963 1171 1031 baeretici
1189 965 1348 1053 quamvis
1370 965 1404 1031 in
1424 964 1544 1033 baeresi
1555 967 1632 1056 jam

587 1075 718 1144 Christi
745 1075 919 1166 baptismo
945 1077 1126 1167 baptizati,
1153 1078 1196 1146 ad
1228 1077 1422 1147 Ecclesiam
1450 1082 1632 1150 venientes

586 1214 656 1259 non
677 1191 909 1281 baptizentur.
963 1191 1002 1260 Si
1020 1194 1115 1261 enim
1134 1191 1230 1261 nulla
1248 1204 1301 1263 est
1319 1194 1410 1284 apud
1430 1204 1632 1286 peccatores

585 1307 743 1375 remissio
770 1317 1006 1396 peccatorum,
1033 1330 1099 1376 nec
1129 1309 1224 1377 intus
1255 1318 1457 1399 peccatores
1487 1321 1632 1401 peccata

586 1422 792 1491 dimittunt:
820 1430 1001 1491 ettamen
1029 1425 1074 1492 ab
1102 1424 1153 1492 eis
1183 1422 1350 1515 baptizati
1379 1448 1450 1493 non
1479 1428 1632 1519 rebapti-

586 1545 720 1606 santur.

423 1673 488 1721 cm.
503 1684 540 1734 η.
638 1649 834 1722 Monnulus
851 1651 997 1722 aGirba
1014 1653 1123 1720 dixit:
1142 1650 1308 1722 Ecclesiae
1321 1651 1492 1724 catholica
1511 1656 1631 1724 matris

422 1754 552 1883 ξξζξξξψ
587 1777 716 1838 nostroe
745 1769 870 1838 neritus
900 1767 995 1861 apud
1022 1791 1095 1847 nos,
1112 1767 1259 1861 fratres,
1287 1769 1418 1861 semper
1447 1771 1573 1839 mansit
1601 1781 1632 1842 et

586 1892 708 1962 manat,
743 1881 796 1952 aci
827 1883 978 1953 marimo
1017 1883 1055 1951 in
1088 1882 1249 1977 baptismi
1283 1886 1448 1968 trinitate,
1476 1884 1631 1956 Domino

585 2006 702 2067 nostro
719 1996 858 2079 dicente,
876 1996 941 2080 Ite,
960 1996 1129 2091 baptizate
1149 2008 1265 2094 pantes
1291 2000 1328 2068 in
1355 2001 1491 2070 nomine
1508 1999 1631 2071 Patris

585 2120 617 2180 ct
634 2109 726 2181 Filii
749 2120 780 2181 et
800 2109 958 2204 Spiritus
975 2113 1095 2182 sancti.
1149 2112 1239 2185 Cam
1263 2138 1343 2209 erpo
1369 2112 1559 2209 manifesto,
1579 2116 1632 2183 in-

585 2228 673 2316 quit,
699 2225 847 2294 sciamus
872 2223 1051 2296 boercticos
1077 2250 1144 2297 non
1170 2225 1291 2297 babere
1316 2253 1376 2299 aec
1393 2227 1546 2311 Patrem,
1571 2252 1632 2298 acc

585 2337 731 2423 Filium,
754 2364 815 2410 nec
838 2339 1013 2434 Spiritum
1043 2351 1207 2423 sanctam,
1238 2341 1354 2412 debeat
1384 2343 1551 2412 uenientes
1585 2343 1633 2412 ad

584 2453 774 2525 Ecclesiam
793 2464 934 2525 nratrcm
954 2465 1106 2526 nostram
1131 2480 1207 2527 aere
1232 2458 1367 2527 renasci
1392 2466 1422 2527 ct
1447 2456 1630 2551 baptizari,

585 2581 622 2641 nt
639 2594 759 2641 caricer
776 2570 868 2664 qrtoa‘
882 2570 1054 2653 habebant,
1069 2582 1100 2643 et
1117 2571 1349 2643 damnationis
1368 2574 1433 2654 ira,
1452 2582 1483 2642 ct
1499 2574 1630 2642 erroris

586 2684 779 2780 ”cffictura
803 2708 866 2777 per
882 2695 1034 2756 sanctam
1064 2695 1095 2755 ct
1120 2684 1247 2755 celeste
1276 2683 1448 2756 lavacrum
1481 2685 1632 2776 sanctifi-

585 2810 687 2870 cetur.

636 2914 733 2985 Huic
751 2917 1012 3007 respondemus,
1034 2915 1174 2984 Patrem
1194 2926 1231 2984 et
1250 2914 1381 2983 Filium
1402 2924 1438 2983 et
1457 2914 1628 3004 Spiritum

584 3038 745 3097 sanctum
772 3033 807 3099 in
833 3038 1052 3100 sacramento
1076 3031 1262 3099 dumtaxat
1282 3029 1412 3098 habere
1429 3051 1551 3098 omnes
1569 3032 1629 3120 qui

584 3142 759 3234 baptismo
777 3143 891 3213 verbis
914 3142 1137 3236 Evangelicis
1159 3154 1362 3213 consecrato
1384 3144 1628 3234 baptizantur:

583 3258 618 3325 in
637 3259 741 3327 corde
759 3269 879 3327 autem
897 3266 935 3327 et
956 3260 991 3330 in
1011 3260 1083 3327 vita
1106 3281 1172 3328 nec
1196 3258 1275 3328 illos
1297 3258 1437 3337 habere,
1456 3257 1515 3347 qui
1534 3258 1629 3324 intus

583 3374 722 3463 perdite
738 3382 775 3442 et
792 3374 1056 3443 exsecrabiliter
1073 3376 1206 3443 vivunt.

635 3487 855 3557 secundinus
881 3511 902 3557 a
923 3489 1050 3558 Cedias
1073 3490 1183 3558 dixit:
1213 3488 1301 3561 Cam
1320 3488 1493 3559 Dominus
1516 3496 1630 3557 noster

585 3600 746 3674 Cbristas
762 3602 864 3683 dicat,
884 3601 953 3690 Qui
972 3625 1097 3672 urceum
1125 3625 1193 3671 non
1216 3611 1273 3682 cst,
1292 3600 1469 3671 adnmsam
1489 3623 1540 3669 me
1557 3609 1627 3669 cst:

584 3729 615 3788 ct
631 3716 809 3789 Jobanncs
827 3716 997 3812 apostolas
1014 3741 1069 3787 sos
1086 3717 1146 3810 qni
1168 3716 1209 3787 ab
1226 3715 1380 3787 Ecclesia
1398 3726 1521 3786 cacurri
1538 3717 1629 3786 ariti-

582 3831 726 3903 cbristos
761 3833 873 3904 dicat:
910 3831 1144 3902 indubitanter
1177 3829 1286 3901 bostcs
1322 3828 1468 3912 Christi,
1504 3829 1629 3922 quique

582 3945 778 4018 antichristi
804 3949 973 4018 norninati
997 3956 1085 4028 sicat,
1099 3946 1250 4041 proriam
1276 3944 1437 4039 baptismi
1464 3943 1627 4014 salutaris

582 4064 782 4133 ministrare
811 4087 878 4133 non
903 4072 1070 4155 possunt:
1098 4070 1130 4131 et
1160 4060 1236 4131 ideo
1265 4083 1381 4130 censeo
1411 4083 1465 4129 cos
1496 4060 1557 4153 qni
1586 4058 1628 4128 de

581 4175 818 4248 baercticornm
845 4176 986 4247 insidiis
1009 4174 1212 4272 consopiant
1237 4174 1284 4244 ad
1300 4173 1500 4255 Ecclesiam,
1518 4172 1627 4265 bapti-

622 4337 637 4367 n
653 4328 717 4381 Am.
728 4336 757 4382 et
768 4326 816 4381 Er.
830 4325 981 4398 offocatum.
1026 4326 1162 4382 Nonnulli
1177 4323 1268 4380 MSS.
1281 4324 1403 4397 offensa:
1426 4324 1475 4379 sed
1490 4322 1626 4396 plerique.

582 4425 722 4498 offectura.
766 4422 849 4496 Apud
865 4423 1036 4497 cyprianum
1057 4431 1101 4479 est
1114 4423 1252 4496 ‹pl'ectura
1297 4420 1367 4493 (Sed
1385 4439 1460 4476 nunc
1479 4420 1552 4494 apud
1568 4419 1625 4493 Cy·

581 4522 709 4593 prianum
724 4520 855 4592 offectura
870 4529 1005 4593 praestant
1018 4520 1200 4575 Baluzianam
1215 4528 1318 4575 secute
1333 4517 1490 4585 editiones;
1510 4515 1626 4590 perinde

581 4636 613 4672 ac
628 4615 717 4672 codex
733 4616 886 4689 Augustini
897 4623 1014 4689 uterque
1030 4623 1134 4687 meus.)
