3817 5692
365 688 430 749 ala
732 685 762 745 S.
782 680 1051 745 AUGUSTINI

365 860 536 929 universae
549 856 728 937 Ecclesiae,
740 855 849 924 etiam
866 852 1024 923 conciliis
1040 849 1293 921 universalibus
1310 849 1416 919 robo-

365 982 479 1043 ratam
504 979 687 1053 tenentes;
713 978 859 1061 accepta
884 989 1025 1059 quoque
1049 987 1095 1034 ex
1113 965 1228 1035 verbis
1245 964 1412 1056 Cypriani

366 1089 498 1178 majore
514 1087 652 1167 fiducia,
666 1108 729 1177 per
745 1108 826 1175 quae
844 1083 930 1153 mihi
944 1084 1052 1152 etiam
1071 1090 1158 1151 tunc
1174 1080 1297 1151 liceret
1313 1078 1413 1149 salvo

360 1202 442 1292 jure
471 1201 729 1270 communionis
758 1200 894 1268 divorsa
923 1198 1074 1276 sentire3
1104 1196 1242 1265 unitate
1267 1194 1413 1285 quidem

365 1315 509 1406 praelata
537 1324 644 1406 atque
673 1313 826 1396 laudata,
845 1311 986 1404 qualem
1011 1312 1136 1380 beatus
1153 1310 1348 1402 Cyprianus
1374 1318 1414 1377 et

366 1429 442 1520 ejus
469 1427 626 1521 collsgae,
648 1430 707 1518 qui
734 1450 815 1497 oum
842 1450 884 1496 eo
910 1424 1097 1495 concilium
1126 1424 1213 1493 illud
1240 1424 1412 1502 secernant,

367 1566 449 1612 cum
467 1544 603 1612 diversa
619 1542 853 1612 sentientibus
871 1549 1083 1623 tenueramt3
1108 1540 1355 1611 haereticorum
1375 1546 1413 1607 et

366 1658 668 1727 schismaticorum
712 1659 893 1727 seditiosas
931 1654 1124 1725 calumnias
1163 1654 1414 1746 proturbantes

367 1780 473 1862 atque
511 1781 712 1841 evertentes
750 1773 787 1839 in
826 1772 969 1841 nomine
1004 1769 1149 1839 Domini
1183 1771 1292 1838 nostri
1324 1765 1414 1838 Jesu

206 1890 358 1955 [inbuit-²·
368 1885 511 1967 Christi,
538 1886 599 1975 qui
627 1908 690 1976 por
709 1883 922 1976 Apostolum
949 1906 1053 1953 suum
1081 1883 1227 1974 loquens
1251 1884 1311 1963 ait,
1330 1882 1415 1952 Suf-

367 1999 521 2068 ferentes
555 1999 707 2066 invicem
741 1999 777 2065 in
812 1995 1021 2078 dilectiono;
1057 1998 1241 2067 studentes
1274 2018 1414 2065 servaro

367 2113 541 2181 unitatem
565 2114 707 2203 spiritus
730 2112 766 2179 in
785 2111 925 2180 vinculo
944 2114 1058 2202 pacis:
1082 2135 1147 2203 per
1171 2134 1276 2201 quem
1303 2110 1413 2179 etiam

206 2240 268 2289 Phil
276 2240 310 2287 iii
321 2252 356 2302 ιε.
367 2229 429 2309 ait,
447 2226 487 2297 Si
505 2228 589 2316 quid
607 2225 710 2295 aliter
726 2228 856 2318 sapitis,
871 2228 906 2295 id
925 2249 1065 2317 quoque
1083 2226 1181 2295 vobis
1198 2225 1297 2294 Deus
1314 2249 1416 2295 reve-

368 2340 475 2410 labit:
502 2349 702 2410 sanctorum
722 2340 977 2432 Episcoporum
996 2341 1197 2422 sententias,
1215 2339 1311 2410 salvo
1328 2362 1414 2408 cnm

366 2458 417 2525 eis
435 2455 575 2525 vinculo
601 2456 746 2525 unitatis
776 2468 814 2524 et
844 2456 950 2546 pacis,
968 2457 1004 2524 in
1034 2478 1104 2545 quo
1132 2454 1315 2523 retinendo
1340 2477 1414 2533 eos,

367 2579 538 2660 quantum
565 2570 639 2660 ipse
665 2567 840 2639 Dominus
865 2570 1020 2661 adjuvat,
1041 2571 1230 2649 imitamur,
1252 2569 1415 2637 conside-

370 2684 496 2754 randas
513 2696 551 2753 et
569 2684 831 2775 pertractandas
848 2686 1082 2777 aggredimur.

419 2798 581 2869 Caecilius
610 2822 632 2868 a
657 2798 754 2868 Bilta
776 2800 886 2867 dixit:
913 2798 990 2894 Epo
1016 2824 1120 2868 unum
1146 2798 1347 2892 baptismam
1374 2801 1414 2868 in

368 2911 524 2982 Ecclesia
549 2910 621 2981 aolaa
647 2913 727 2992 scio,
754 2920 784 2980 et
809 2921 907 2981 cetra
933 2911 1121 2982 Ecclesium
1147 2912 1288 2982 adium.
1338 2910 1415 2981 Hic

369 3029 435 3096 erit
451 3049 566 3105 unum,
585 3024 643 3095 abi
659 3050 734 3118 spes
750 3050 830 3097 aera
856 3036 904 3096 eat
928 3036 960 3096 et
974 3026 1066 3120 fides
1092 3037 1192 3098 certo.
1242 3026 1305 3098 Sic
1322 3029 1413 3096 enim

368 3142 531 3233 scriptum
563 3148 632 3208 eat:
665 3138 745 3209 Uno
761 3139 865 3232 fides,
892 3165 961 3211 uno
988 3166 1074 3235 apes,
1101 3167 1206 3212 anum
1235 3142 1413 3235 baptismo.

206 3253 450 3327 llibarint-Non
472 3253 566 3347 apud
581 3252 766 3335 hereticos,
784 3254 842 3325 adi
866 3280 941 3349 apes
965 3256 1059 3326 nialla
1081 3267 1129 3327 est
1150 3267 1181 3328 et
1194 3259 1287 3351 fides
1301 3256 1413 3352 solae,

368 3368 428 3439 ott
450 3371 566 3440 omnio
583 3393 650 3462 per
666 3368 878 3440 medaeam
896 3380 1054 3467 opacatur,
1073 3371 1132 3442 ubi
1153 3375 1328 3443 eroroizot
1344 3372 1415 3442 dce-

369 3485 557 3567 moraiccua,
583 3494 830 3555 sacamentum
857 3488 1046 3582 interropot
1072 3488 1167 3580 copiis
1194 3512 1231 3558 oa
1258 3496 1290 3557 et
1314 3486 1414 3558 aerbo

370 3621 491 3668 cancer
508 3599 673 3681 emittunt,
680 3599 790 3691 fidem
808 3600 868 3670 dot
887 3601 1047 3694 infidelis,
1064 3605 1197 3674 veniam
1215 3602 1413 3673 delictorum

370 3711 491 3782 tribuit
511 3712 702 3797 sceleratos,
724 3723 756 3784 et
780 3717 818 3784 in
844 3718 982 3786 nomiae
1005 3717 1140 3791 Christi
1169 3719 1295 3813 tiapait
1323 3721 1416 3788 anti-

370 3825 527 3909 christus,
546 3827 712 3899 benedicit
737 3853 758 3899 a
780 3828 856 3901 Deo
881 3831 1089 3915 maledictus,
1106 3835 1209 3903 citam
1231 3833 1415 3926 pollicetur

368 3951 533 4024 mortuas,
554 3967 674 4036 pacem
702 3944 762 4014 dot
788 3947 1009 4040 impacificus,
1026 3948 1139 4019 Deum
1167 3952 1301 4020 invocat
1326 3949 1414 4019 blos-

362 4055 517 4151 phamas,
540 4057 766 4128 sacerdotium
793 4060 1014 4132 administrat
1033 4063 1215 4159 prosam,
1236 4069 1338 4160 ponit
1363 4066 1415 4137 at-

369 4180 442 4241 tore
466 4171 661 4268 sacrilepcs.
712 4173 775 4244 Aa
798 4173 871 4245 ltcee
892 4180 1009 4248 omnio
1030 4179 1158 4249 accedit
1179 4190 1210 4250 et
1230 4180 1319 4250 illud
1343 4206 1416 4252 mo-

368 4310 552 4383 apportanda:
574 4329 631 4365 non
647 4311 729 4375 male,
745 4312 768 4366 si
778 4313 911 4387 jungitur
924 4334 989 4371 cum
1003 4318 1185 4391 sinplicitote.
1213 4319 1415 4393 (Copnosceadc

368 4406 457 4462 codex
471 4404 548 4479 prior
564 4424 654 4474 meus,
669 4411 877 4481 capnosceadum
890 4413 1039 4485 posterior.
1083 4414 1140 4470 Hic
1161 4416 1274 4471 interim
1289 4417 1414 4472 scriben-

370 4503 437 4558 dum
451 4511 567 4558 tenemus
581 4521 633 4575 pro
647 4511 763 4560 tenentes
777 4505 846 4561 mibi
862 4507 1013 4575 videretur,
1028 4510 1084 4566 nisi
1102 4519 1213 4567 tantum
1232 4512 1312 4567 finita
1325 4511 1414 4567 verbo

369 4599 541 4673 apprealimur
555 4599 645 4656 oratio
660 4604 756 4672 esset.)
