3817 5692
596 730 628 792 S.
652 730 936 793 SCRIPTURAE
963 730 1320 794 ANTE-NICAENA.
1408 732 1469 794 351

427 925 607 993 nunquam
625 902 765 985 fallunt,
787 903 848 973 sed
872 904 1017 973 humani
1041 905 1167 973 erroris
1191 906 1471 996 presumptione,

426 1039 496 1107 qua
513 1018 660 1087 heretici
677 1039 755 1087 esse
772 1016 971 1087 voluerunt.
999 1016 1090 1087 Ibid.
1108 1040 1182 1110 oep.
1196 1023 1255 1087 30.
1272 1041 1307 1109 p.
1319 1022 1403 1088 232.

475 1129 609 1225 Agitur
626 1132 684 1202 hio
701 1134 746 1202 de
760 1132 875 1202 verbis
888 1130 953 1203 SS.
964 1128 1112 1202 loannis
1125 1142 1163 1202 et
1177 1132 1279 1203 Pauli
1290 1132 1472 1204 Christum

427 1245 544 1317 Deum
563 1269 638 1319 esse
655 1246 923 1318 declarantibus.

612 1478 648 1550 S.
676 1478 1289 1552 D10uus1usAnnxnunn1uus

477 1608 531 1681 Τὸ
549 1608 602 1681 οὖν
621 1616 751 1692 Πνεῦμα
774 1609 816 1681 τὸ
838 1609 936 1702 ἅγιον
959 1614 1002 1687 είς
1021 1612 1097 1688 τοὺς
1114 1612 1356 1704 ειίαγγελιστὰς
1373 1645 1474 1685 κατα-

427 1724 568 1811 verneio,
590 1727 649 1808 riu
675 1729 787 1796 πᾶσαν
812 1732 874 1795 τοῦ
900 1726 1055 1820 Σωτῆρος
1082 1731 1167 1810 ἧμῶν
1190 1726 1333 1799 διάθεσιν
1358 1731 1391 1798 ἔκ
1416 1739 1474 1813 τῆς

426 1839 568 1913 ἑκάστου
596 1848 702 1935 φωνῆς
731 1842 928 1922 συντίθησιν.
967 1840 1015 1912 In
1037 1840 1147 1914 Locos
1163 1841 1346 1941 Evangelii
1368 1842 1475 1915 Lucre

427 1960 521 2049 apud
548 1954 618 2027 Vel.
636 1955 785 2027 Petrum
801 1954 982 2039 Analecta,
995 1956 1160 2028 Venetiis
1177 1959 1273 2029 edita
1289 1983 1344 2029 an.
1365 1965 1472 2037 1781.

426 2095 504 2167 psg.
519 2075 603 2142 115.

590 2288 626 2359 S.
653 2289 898 2360 Guneonrus
926 2289 1316 2365 Nnocnssnnmnsrs.

480 2420 688 2513 Scripturas,
699 2424 736 2491 iu
750 2444 899 2512 quarum
912 2424 1204 2515 interpretatione
1215 2426 1387 2519 Origenes
1398 2450 1474 2496 ver-

429 2546 525 2607 satus
555 2544 619 2617 est,
642 2532 728 2630 lepis
757 2536 899 2621 βίβλους
928 2537 1084 2629 appellat
1107 2538 1299 2632 Gregorius
1324 2542 1359 2610 in
1384 2541 1474 2611 Oro-

429 2651 521 2722 tione
537 2648 668 2746 Panoy.
686 2649 734 2720 ad
753 2648 945 2746 Oriymm,
963 2675 1043 2747 pag.
1059 2658 1117 2723 32.
1135 2654 1220 2723 edit.
1239 2654 1349 2725 Paris.
1381 2654 1472 2748 Opp.

430 2764 467 2835 S.
485 2764 658 2859 Gregorii.

678 2915 714 2985 S.
742 2915 976 2987 Dronrsurs
1002 2916 1224 2989 Ronrnnus.

478 3043 731 3137 Appellatione
747 3053 806 3127 τῆς
823 3046 919 3122 θείας
940 3054 1085 3141 γραφῆς,
1102 3052 1167 3117 τῶν
1185 3047 1286 3117 θείων
1302 3047 1423 3138 λόγων,
1442 3051 1477 3117 αἱ

432 3159 523 3230 Oetae
548 3160 692 3256 γραφαί,
710 3163 900 3253 scripturas
917 3161 1013 3231 Novi
1032 3160 1188 3231 Foederis
1210 3163 1371 3257 designat
1390 3162 1476 3233 Dio-

431 3277 548 3369 nysius
565 3276 601 3345 in
614 3274 774 3370 Epistola
791 3274 1188 3360 allemanniam,
1202 3278 1296 3369 apud
1311 3277 1347 3347 S.
1361 3275 1477 3347 Atha-

428 3392 566 3461 nasium
583 3389 640 3461 De
656 3389 814 3463 Deoretis
831 3389 988 3463 Nioaeuoe
1001 3391 1150 3486 Synodi,
1168 3416 1243 3485 oap.
1261 3391 1320 3463 26.
1341 3417 1376 3485 p.
1391 3399 1475 3464 231.

430 3508 485 3577 ed.
504 3505 751 3580 Montfauoon.
769 3530 831 3579 seu
849 3507 1071 3578 Benedictin.

520 3730 780 3805 Ancnnunus
806 3732 1124 3806 Onscnnnnusrs
1151 3732 1380 3806 Errscorus.

481 3861 554 3933 Sed
568 3872 606 3933 et
617 3863 769 3955 Spiritus
780 3862 873 3959 (sor.
888 3864 1039 3957 Spiritu)
1051 3863 1268 3956 evengelista
1283 3863 1477 3936 Matthaeus

432 3975 622 4068 diligenter
647 3978 820 4070 significet
843 3977 990 4046 Domini
1017 3978 1127 4046 nostri
1144 3974 1232 4046 Jesu
1250 3973 1382 4047 Christi
1409 4000 1480 4048 ser-

432 4111 593 4174 monem
622 4087 878 4185 Videteoequis
889 4112 946 4160 vos
957 4085 1115 4183 decipiat,
1127 4088 1192 4160 &e
1200 4088 1306 4175 (Mat.
1317 4091 1415 4161 xxiv.
1428 4096 1478 4183 5.)

432 4207 631 4279 Archelaus
645 4209 682 4278 in
694 4205 939 4302 Disputatione
956 4229 1031 4278 oum
1044 4205 1196 4287 Maeote,
1213 4230 1289 4300 cop.
1301 4213 1360 4279 25.
1375 4231 1480 4300 supra

432 4348 467 4417 p.
483 4328 566 4395 131.

575 4533 611 4603 S.
639 4534 897 4607 Mernomus
921 4534 1077 4605 Tunrus
1104 4533 1338 4606 Enrseorus.

483 4706 584 4722 —
613 4666 665 4737 ὅτι
700 4666 838 4759 μηδεμία
871 4667 1099 4743 ὑπεναντίωσιν
1132 4665 1151 4748 il
1185 4666 1311 4738 ἀτοπία
1345 4668 1377 4738 ἕν
1409 4677 1481 4745 τοῖς

477 4801 546 4844 von.
562 4802 592 4842 v.
950 4801 999 4842 zz
