3817 5692
506 695 548 754 10
878 690 1184 756 ARCHELAUS.

505 885 543 928 ao
571 862 654 926 malo
682 861 752 924 Deo
778 860 925 925 haeresim
953 885 974 925 a
1007 861 1141 925 Manete
1170 881 1228 943 per
1254 857 1355 921 varias
1381 855 1467 920 orbis
1492 863 1555 921 ter-

505 985 614 1028 rarum
635 971 746 1048 partes
761 963 845 1027 cirea
863 985 981 1027 annum
999 986 1037 1026 rv.
1056 961 1221 1026 Aureliani
1242 961 1316 1043 imp.
1333 982 1441 1023 rursus
1458 959 1557 1022 divul-

505 1073 617 1150 gatam
632 1066 728 1130 fuisse
744 1065 873 1139 scribit;
899 1066 1013 1130 deinde
1028 1087 1102 1129 vero
1122 1065 1181 1127 sub
1197 1062 1382 1136 Aureliano,
1399 1068 1432 1125 et
1448 1060 1557 1125 Probo

506 1168 539 1231 id
558 1190 579 1232 a
600 1169 733 1232 Manete
754 1168 875 1231 lactum
890 1167 986 1231 luisse
1006 1167 1119 1243 innuit,
1143 1172 1180 1229 ut
1198 1165 1305 1228 videre
1324 1170 1374 1228 est
1392 1185 1477 1226 num.
1490 1163 1555 1227 xix.

507 1293 561 1333 xx.
585 1269 639 1332 lix.
663 1278 697 1334 et
719 1270 824 1333 lxxvii.
849 1270 991 1354 ejusdem
1013 1271 1178 1333 haereseos.
1225 1267 1296 1330 Non
1322 1265 1427 1351 potuit
1448 1272 1558 1330 autem

509 1372 687 1435 Archelaus
711 1371 879 1448 Valeriani,
903 1380 937 1435 et
960 1371 1097 1435 Gallieni
1120 1392 1204 1434 anuo
1226 1394 1269 1433 rx.
1298 1370 1464 1432 Manetem
1488 1368 1558 1433 viva

508 1494 584 1536 voce
611 1473 846 1548 confutarent
870 1473 903 1535 in
930 1473 1011 1536 libro
1041 1474 1080 1536 de
1107 1472 1266 1535 Mensuris
1294 1481 1327 1535 et
1358 1470 1557 1534 Ponderibus

507 1575 555 1639 ait
582 1574 792 1659 Epiphanius,
819 1575 845 1638 si
872 1581 945 1659 post
972 1597 1035 1638 non
1060 1596 1179 1659 paucos
1205 1596 1312 1647 annos,
1338 1573 1386 1637 vel
1408 1594 1492 1636 auno
1513 1595 1557 1634 rv.

508 1676 684 1753 Aureliani,
696 1676 744 1740 vel
760 1677 843 1740 circa
853 1678 946 1741 finem
961 1677 1101 1761 ejusdem
1117 1676 1249 1761 imperii,
1262 1682 1295 1739 et
1311 1674 1434 1738 init-ium
1448 1674 1556 1750 Probi,

509 1775 625 1838 Manes
639 1774 828 1858 antiquioris
844 1775 954 1839 nefarii
976 1775 1135 1859 dogmatis
1152 1774 1347 1837 incrementa
1363 1771 1556 1856 procuravit.

509 1877 655 1940 Priorem
674 1877 844 1961 Epiphanii
860 1878 1014 1941 caleulum
1036 1877 1068 1940 in
1086 1878 1167 1940 libro
1183 1878 1223 1939 de
1246 1875 1405 1938 Mensuris
1420 1881 1454 1938 et
1474 1876 1559 1937 Pon·

508 1979 637 2042 deribus
668 1979 812 2062 sequitur
837 1982 953 2043 Petrus
981 1980 1104 2043 Siculus
1132 1979 1164 2042 in
1191 1979 1278 2041 Hist.
1305 1978 1558 2040 Mamohaeorum

508 2102 581 2165 pag.
599 2098 651 2163 37,
667 2087 700 2143 et
721 2080 857 2143 Photius
878 2080 910 2143 in
930 2080 1062 2145 laudato
1082 2081 1173 2144 libi.
1197 2082 1348 2143 adversus
1372 2079 1558 2142 Manicheos

508 2182 743 2267 repullulantes,
765 2183 839 2247 lieet
860 2184 1045 2248 Valerianus
1061 2187 1147 2268 Aug.
1164 2184 1233 2267 jam
1251 2182 1293 2246 ab
1313 2202 1396 2244 anno
1419 2204 1473 2243 vu.
1490 2182 1558 2265 ejus

508 2283 633 2371 imperii
648 2307 669 2348 a
685 2286 805 2369 Sapore
821 2306 894 2368 rege
908 2287 1078 2348 Persarum
1094 2294 1207 2368 captus
1219 2284 1315 2347 fuerit
1324 2307 1334 2359 ,·
1350 2283 1557 2367 posteriorem

508 2408 584 2450 vero
599 2387 738 2471 probant
753 2394 826 2451 acta
841 2387 910 2471 ipsa
925 2387 1151 2471 disputationis
1165 2385 1314 2450 Archelai
1328 2406 1399 2448 oum
1414 2387 1557 2462 Manete,

509 2510 549 2552 ex
564 2510 699 2572 quorum
714 2510 783 2572 cap.
796 2489 915 2552 xxxvii.
934 2489 1038 2552 lucide
1052 2497 1196 2573 apparet,
1215 2487 1407 2551 Archelaum
1422 2487 1481 2550 sub
1502 2487 1558 2549 im-

508 2589 598 2674 perio
621 2589 729 2667 Probi,
753 2613 816 2654 non
838 2598 946 2655 autem
970 2590 1114 2664 Gallieni,
1139 2611 1209 2653 cum
1234 2590 1380 2660 Monate,
1405 2589 1445 2652 de
1470 2589 1559 2673 cujus

509 2690 620 2755 haeresi
636 2692 679 2754 nil
695 2692 798 2756 adhuc
814 2692 872 2755 sibi
889 2699 1088 2775 compertum
1103 2698 1183 2766 erat,
1200 2691 1387 2772 disputasse.
1424 2689 1559 2772 Oyrillus

510 2815 635 2877 quoque
658 2794 980 2878 Ilierosolymitauus,
1006 2794 1059 2877 qui
1084 2793 1288 2877 septuaginta
1315 2798 1441 2855 tantum
1467 2791 1559 2854 annis

508 2902 583 2979 post
609 2898 768 2962 detectam
797 2898 941 2961 Manetis
967 2896 1112 2960 haeresim
1138 2918 1172 2959 se
1203 2895 1340 2959 scribere
1363 2901 1502 2959 testatur
1527 2894 1559 2957 in

510 2998 675 3061 Oatcchesi
686 2999 726 3061 vi.
742 3007 815 3083 pag.
832 3019 901 3079 140.
919 2999 1084 3062 Manetem
1099 3000 1205 3061 Probo
1217 2998 1403 3079 imperante,
1414 2996 1559 3060 haeresim

510 3099 672 3183 divulgare
693 3100 836 3184 coepisse,
856 3100 974 3162 diserte
994 3100 1113 3164 scribit.
1170 3101 1347 3164 Dicendum
1371 3100 1479 3184 itaque
1499 3106 1558 3175 est,

511 3199 728 3283 Epiphanium
751 3202 783 3262 in
803 3200 884 3264 libro
904 3201 943 3264 de
965 3202 1128 3265 Mensuris
1148 3212 1182 3265 et
1204 3202 1402 3265 Ponderibus
1425 3222 1558 3277 errasse,

398 3313 402 3320 '
510 3309 544 3366 et
559 3303 659 3365 multo
674 3304 811 3367 certiora
826 3306 866 3367 de
882 3305 1135 3368 Manichaeorum
1151 3306 1280 3369 haeresis
1294 3312 1407 3368 exortu
1424 3304 1455 3366 in
1471 3304 1559 3367 libris

510 3404 661 3468 adversus
684 3405 820 3469 lroercses
843 3407 933 3469 nobis
952 3406 1133 3482 tradidisse,
1150 3406 1224 3471 licet
1246 3407 1278 3469 in
1293 3408 1411 3470 eisdem
1434 3427 1559 3490 quoque

511 3505 599 3569 libris
622 3507 737 3569 iterum
760 3507 905 3571 sibinen
928 3516 1075 3573 constare
1098 3509 1355 3593 deprehendatur
1366 3533 1375 3584 ;
1398 3530 1472 3571 uam
1488 3530 1559 3571 cum

510 3608 643 3671 dixisset
669 3631 753 3671 anno
772 3633 815 3672 vv.
840 3610 1016 3685 Aureliani,
1038 3610 1091 3694 qui
1114 3619 1240 3695 partem
1265 3611 1339 3674 anni
1362 3633 1501 3673 ocnxxm.
1526 3618 1560 3675 et

510 3733 651 3774 cccxxiv.
668 3711 900 3797 complectitur,
916 3712 1081 3777 emersisse
1097 3712 1275 3790 Menatem,
1290 3735 1327 3776 ae
1343 3721 1499 3798 praeterea
1513 3714 1559 3776 al-

509 3811 680 3887 firmasset,
695 3812 727 3875 id
747 3813 898 3878 accidisse
913 3815 1078 3878 Aureliani
1100 3826 1130 3878 et
1150 3815 1248 3878 Probi
1269 3815 1477 3899 temporibus,
1498 3815 1558 3877 hoc

511 3925 569 3989 est,
586 3935 670 3977 anno
685 3913 801 3978 christi
817 3938 957 3979 cccxxvr.
973 3917 1145 3979 secundum
1160 3917 1325 4000 quosdam,
1342 3916 1394 4001 qui
1406 3916 1560 4001 jamtum

510 4016 552 4078 ab
575 4016 641 4100 ejus
663 4016 831 4081 nativitate
854 4040 953 4081 annos
976 4039 1142 4082 numerare
1164 4025 1344 4093 sueverant,
1368 4019 1442 4082 licet
1464 4040 1518 4082 cos
1539 4041 1560 4081 a

511 4118 632 4182 Christi
646 4119 679 4181 iu
694 4120 791 4184 coelos
808 4120 1024 4206 assumptione
1044 4143 1145 4185 annos
1165 4129 1339 4206 supputare
1360 4120 1560 4205 Epiphanius

511 4228 644 4295 asserat,
656 4221 704 4283 vel
715 4244 798 4286 anno
809 4245 925 4285 ccxrvr.
942 4223 1114 4286 secundum
1127 4223 1215 4301 alios,
1225 4224 1278 4308 qui
1290 4247 1310 4287 a
1322 4223 1441 4288 Christi
1457 4231 1560 4287 morte

511 4343 612 4385 annos
630 4325 867 4406 supputabant;
891 4334 1004 4409 postea
1023 4326 1142 4401 subdit,
1164 4349 1182 4387 a
1203 4326 1345 4390 Manetis
1364 4326 1560 4410 temporibus

511 4424 675 4508 usquead
701 4447 819 4489 annum
843 4449 910 4488 xm.
933 4426 1010 4511 imp.
1034 4426 1190 4503 Valentis,
1214 4434 1248 4491 et
1270 4450 1314 4489 rx.
1339 4427 1498 4502 Gratiani,
1522 4447 1560 4490 ae

511 4525 648 4610 primum
671 4526 880 4590 Valentiniani
900 4528 1045 4612 junioris,
1063 4550 1125 4611 quo
1145 4528 1212 4613 ipse
1233 4529 1404 4603 scribebat,
1420 4529 1479 4593 hoe
1500 4538 1559 4604 ost,

512 4650 612 4712 usquc
626 4629 668 4692 ad
682 4650 755 4693 aerce
770 4630 908 4715 vulgaris
923 4652 1041 4694 annum
1057 4652 1215 4693 ccccxxvr.
1232 4632 1445 4696 intercessisse
1459 4652 1560 4694 annos
