3817 5692
493 625 494 629 Ὺ
599 670 843 732 nnsnosss
869 670 935 731 nn
959 669 1224 733 muscosos
1368 671 1428 737 su

432 841 620 924 Quomodo
637 850 757 933 potest
777 851 815 911 et
838 843 875 911 in
898 841 1091 924 tconsilia,
1110 843 1169 912 ubi
1190 866 1254 913 neo
1275 842 1434 913 Ecclesia

382 967 448 1040 ost,
463 959 546 1048 quia
563 958 597 1025 in
617 966 718 1049 petra
735 966 788 1027 est
801 979 810 1036 ;
836 980 902 1027 neo
916 955 1015 1027 Deus
1028 966 1066 1025 et
1079 956 1251 1039 Christus,
1265 959 1432 1049 quianon

382 1082 437 1143 est
457 1073 506 1143 ibi
525 1073 699 1165 templum
718 1072 786 1142 Dei
805 1082 843 1143 et
860 1072 1017 1143 Christi?

434 1189 634 1258 Donatulus
652 1211 672 1258 a
689 1186 803 1279 Capse
821 1190 931 1258 dixit:
957 1186 1007 1258 Et
1024 1212 1083 1284 eqo
1102 1212 1234 1282 semper
1249 1186 1313 1259 hoc
1328 1190 1554 1278 sensium„

382 1313 420 1374 ui
441 1300 604 1386 imretici,
624 1305 685 1397 qui
708 1301 909 1395 miiiisoris
932 1304 1102 1374 consecuti
1124 1312 1214 1385 sunt,
1232 1304 1370 1398 quando
1387 1304 1434 1374 ud

381 1417 571 1489 Ecclesiam
589 1427 841 1499 convertuntur,
859 1417 1085 1511 baptizentur,

432 1530 492 1602 Ad
510 1533 577 1603 hoo
596 1535 844 1625 respondetur:
872 1533 973 1601 Nihil
987 1534 1129 1623 quidem
1150 1534 1233 1602 foris
1251 1536 1431 1605 consecuti

382 1656 474 1728 sunt,
492 1647 554 1717 sed
579 1648 623 1717 ud
650 1646 812 1727 salutem,
837 1670 905 1716 non
933 1649 977 1716 ad
1006 1658 1275 1718 sacramentum.
1328 1649 1431 1719 Salus

382 1762 476 1829 enim
501 1764 642 1853 propria
664 1770 719 1832 est
743 1762 863 1843 bonis3
890 1772 1109 1831 sacramenta
1126 1786 1209 1831 vero
1231 1764 1433 1833 communia

382 1882 419 1943 et
438 1875 538 1946 bonis
555 1885 592 1945 et
610 1876 720 1946 malis.

434 1987 590 2060 Venulus
613 2015 633 2061 a
656 1993 852 2062 Rusiccade
875 1993 986 2063 dixit:
1013 1988 1130 2060 Homo
1147 1987 1327 2061 ioereticus
1349 1990 1554 2076 daromam.

382 2125 449 2173 mon
461 2114 574 2197 potest
590 2106 682 2200 quod
698 2129 766 2177 non
783 2105 901 2177 iubet:
930 2104 1036 2177 multo
1057 2106 1167 2202 cnuyis
1184 2103 1432 2189 schismaticus,

382 2218 443 2310 qui
459 2220 551 2313 quod
566 2219 684 2292 tabuit
701 2224 828 2293 occisit.

431 2332 513 2404 Jam
532 2337 749 2408 ostendimus
772 2361 833 2407 eos
859 2338 1008 2419 hsbere;
1036 2338 1120 2427 quia
1149 2358 1219 2405 non
1250 2336 1431 2417 amittunt,

381 2472 463 2518 cum
489 2451 671 2522 recedunt.
725 2454 805 2522 Non
830 2454 923 2522 onim
951 2453 1136 2543 recipiunt,
1161 2473 1242 2520 cum
1270 2452 1431 2522 redeunt.

382 2563 607 2656 Quapropter
628 2569 654 2636 si
674 2577 860 2659 propterea
880 2567 1089 2635 videbuntur
1115 2566 1197 2634 dare
1223 2587 1292 2633 non
1321 2588 1432 2655 posse,

382 2680 465 2771 quio
481 2681 697 2771 putabantur
719 2706 788 2751 non
807 2681 958 2764 hubere3
985 2679 1229 2772 intelligantur
1247 2679 1323 2769 jam
1350 2680 1433 2749 dare

381 2816 492 2884 posse,
511 2797 593 2886 quia
609 2796 858 2889 intelliguntur
874 2804 912 2865 ot
929 2795 1071 2865 habere.

433 2907 675 2980 Pudentianus
700 2934 721 2980 a
742 2910 882 2981 Cuiculi
908 2911 1020 2979 dixit:
1046 2907 1192 2979 Novitas
1219 2908 1553 3002 episcopatustm.35.

382 3021 644 3119 effimitsrutrcs
662 3023 886 3109 dilectissimi,
905 3033 942 3096 ui
961 3024 1162 3094 sustinerem
1181 3022 1267 3116 quid
1282 3024 1431 3115 majores

369 3136 582 3230 judicarent.
633 3138 725 3209 Num
743 3138 886 3211 imrescs
903 3137 997 3210 nihil
1011 3136 1142 3220 dobere,
1162 3161 1222 3207 nec
1232 3160 1344 3233 posse,
1358 3161 1432 3207 mc-

382 3250 542 3346 nisestum
567 3262 637 3323 esi:
665 3264 765 3347 cique
790 3257 841 3326 iic
866 3257 898 3324 si
924 3256 985 3348 qui
1007 3278 1052 3324 es
1074 3253 1124 3323 cis
1140 3252 1303 3335 uenerint,
1320 3249 1432 3346 bapti-

380 3368 460 3436 znri
476 3370 670 3461 aequissime
686 3380 849 3441 statutum
867 3380 926 3441 est.

431 3481 532 3554 Siout
559 3507 644 3577 ergo
671 3487 908 3577 superioribus
933 3505 1138 3577 responsum
1164 3490 1229 3561 est,
1257 3504 1346 3573 quos
1372 3481 1429 3551 hic

380 3598 577 3668 sustinebat
594 3601 679 3690 quid
690 3601 902 3692 judicarent,
916 3601 966 3669 sic
984 3609 1021 3669 ot
1039 3597 1121 3667 huio
1139 3598 1204 3688 ipsi
1224 3617 1429 3686 responsum

380 3736 456 3783 esse
473 3714 703 3807 intelligutur.

425 3826 553 3897 Petrus
582 3829 628 3899 ab
656 3829 823 3921 Hippone
851 3829 1031 3899 Diarrhito
1064 3827 1173 3896 dixit:
1203 3823 1290 3897 Cum
1322 3830 1553 3910 tommosam.

380 3936 548 4032 baptisma
564 3940 610 4008 sit
627 3941 665 4009 io
683 3939 848 4012 catholica
864 3940 1031 4024 Ecclesia,
1049 3938 1270 4034 manifestum
1287 3945 1346 4020 cst,
1359 3958 1430 4007 nom

379 4078 477 4148 posse
503 4064 603 4125 ccicc
622 4052 812 4126 Ecclesium
843 4055 1038 4151 baptizari:
1071 4066 1102 4127 et
1132 4051 1208 4126 idco
1239 4054 1277 4122 in
1304 4050 1430 4123 ioeresi

381 4172 513 4253 tinctos,
531 4172 601 4241 siue
621 4172 660 4241 in
677 4169 867 4255 schismate,
885 4174 1052 4245 venientes
1073 4171 1121 4243 ud
1135 4169 1336 4247 Ecclesium,
1354 4191 1430 4238 cccc-

380 4308 436 4355 seo
453 4283 626 4379 buptizcri
642 4296 805 4380 oportere.

380 4509 433 4548 una
446 4491 521 4565 apud
535 4490 709 4567 cyprianum
725 4492 793 4548 mihi
808 4492 886 4566 prius
899 4497 1050 4549 suaserunt
1064 4491 1242 4565 Augustinus
1253 4501 1282 4549 et
1293 4492 1430 4568 Cypriani

381 4586 481 4659 quibus
495 4604 562 4642 usus
577 4605 638 4642 sum
653 4586 781 4658 MSSti.)
