3817 5692
498 705 542 770 66
731 704 984 769 ARCHELAI
1009 704 1072 766 ΕΤ
1098 702 1317 764 MANETIS

498 878 556 953 καὶ
575 876 685 955 οὕτως
703 872 820 952 ἔκτισε
839 872 902 950 τὸν
921 872 1121 973 ἄνθρωπον.
1159 869 1225 969 τὴν
1243 869 1281 948 δὲ
1304 872 1401 950 Εὕαν
1420 870 1549 967 ὁμοίως

498 1000 653 1095 ἔκτισαν,
667 998 786 1083 δόντες
806 1000 895 1101 αι’πῇ
912 1002 951 1076 ε’κ
969 1002 1033 1095 τῆς
1051 998 1235 1094 ἐπιθυμίας
1252 999 1379 1093 αὐτῶν,
1397 995 1487 1097 πρὸς
1505 995 1547 1077 τὸ

497 1124 723 1229 ἐξαπατήσω
755 1122 818 1201 τὸν
846 1123 976 1222 Ἀδὰμ
1006 1127 1066 1202 καὶ
1097 1123 1155 1201 διὰ
1185 1124 1320 1202 τούτων
1346 1126 1493 1224 γέγονεν
1525 1123 1547 1220 ἡ

496 1249 635 1334 πλάσις
662 1258 725 1329 τοῦ
753 1248 904 1347 κόσμου,
923 1254 961 1328 ἐκ
989 1255 1052 1348 τῆς
1080 1248 1358 1354 τοῦἈρχοντος
1376 1256 1546 1352 δημιουρ·

498 1380 590 1478 χίας.

554 1510 621 1585 ΧΙ.
651 1502 728 1583 Τὸν
757 1504 794 1583 δὲ
813 1501 909 1584 Θεὸν
926 1502 977 1601 μὴ
1004 1503 1095 1607 ἔχειν
1120 1506 1226 1606 μέρος
1254 1506 1328 1601 μετ’
1350 1506 1457 1582 αὐτοῦ
1484 1510 1548 1581 τοῦ

498 1630 646 1727 κόσμου,
665 1629 754 1728 μηδὲ
778 1632 913 1734 χαίρειν
939 1630 992 1708 ἐπ’
1013 1631 1119 1737 αὐτῷ,
1139 1630 1197 1709 διὰ
1224 1632 1266 1710 τὸ
1289 1630 1333 1736 ἐξ
1349 1633 1461 1733 ἀρχῆς
1479 1663 1544 1707 σε·

498 1760 685 1853 συλῆσθαι
716 1756 823 1834 αὐτὸν
851 1754 919 1834 ὑπὸ
949 1761 1022 1832 τῶν
1048 1753 1265 1859 Ἀρχόντων,
1295 1759 1352 1834 καὶ
1381 1755 1548 1856 γενέσθω

498 1883 594 1988 αὐτῷ
627 1883 766 1987 θλίψιν.
806 1880 932 1959 τούτου
964 1879 1069 1984 χάριν
1102 1882 1242 1978 πέμπει,
1272 1885 1331 1961 καὶ
1361 1886 1461 1987 συλᾷ
1486 1884 1545 1960 ἀπ’

498 2009 615 2086 αὐτῶν
633 2005 699 2104 τὴν
718 2005 843 2112 ψυχὴν
862 2008 971 2084 αὐτοῦ
989 2008 1066 2085 καθ’
1084 2008 1217 2108 ἡμέραν
1236 2007 1295 2086 διὰ
1308 2014 1380 2085 τῶν
1399 2005 1548 2112 φωστή-

498 2168 571 2235 ρων
607 2131 753 2227 τούτων,
790 2132 904 2230 ἡλίου,
936 2135 996 2210 καὶ
1033 2132 1200 2231 σελήνης,
1231 2135 1290 2236 ὑφ’
1324 2129 1374 2211 ὧν
1405 2132 1491 2216 ὅλος
1527 2132 1547 2209 ὁ

499 2257 637 2356 κόσμος
661 2259 720 2334 καὶ
737 2264 842 2336 πᾶσα
861 2259 882 2355 ἡ
902 2261 1018 2340 κτίσις
1037 2258 1237 2360 ἀρπάζεται.
1289 2258 1352 2338 τὸν
1370 2257 1407 2337 δὲ
1425 2257 1544 2356 λαλή·

499 2383 617 2461 σαντοι
645 2379 736 2479 μετὰ
769 2383 967 2479 Μωϋσέως,
994 2386 1052 2461 καὶ
1082 2390 1155 2462 τῶν
1181 2383 1372 2477 Ἰουδαίων,
1396 2384 1547 2487 καὶτῶν

498 2508 627 2610 ἱερέων,
646 2508 710 2586 τὸν
723 2505 910 2611 Ἀρχοντα
928 2507 1025 2610 λέγει
1044 2506 1131 2587 εἶναι
1155 2517 1220 2587 τοῦ
1238 2508 1401 2591 σκότους.
1451 2504 1546 2586 ὥστε

498 2788 569 2831 mus
591 2767 697 2843 homo,
716 2774 749 2830 et
771 2767 818 2830 itu
840 2766 1001 2830 hominem
1044 2767 1257 2853 Principibus,
1272 2774 1306 2830 et
1321 2765 1436 2829 oborta
1450 2762 1546 2827 fuerit

498 2859 696 2916 creaverunt.
733 2852 860 2915 dEvam
875 2874 1001 2936 quoquo
1042 2853 1072 2915 ei
1094 2853 1279 2928 tribulati03
1307 2851 1368 2915 hnc
1389 2851 1428 2913 do
1450 2869 1546 2912 causa

499 2938 644 3001 similitor
663 2936 817 3013 focerunt,
834 2938 949 3001 dantes
971 2936 1001 2999 ei
1042 2937 1156 3013 mittit,
1171 2947 1204 3001 ot
1219 2937 1345 3001 iuratur
1358 2936 1401 2999 ab
1416 2934 1461 2998 eis
1479 2934 1545 2998 nni-

498 3024 539 3085 de
553 3022 808 3106 concupiscentia
823 3023 934 3085 sunud
946 3023 1000 3085 do-
1041 3043 1127 3085 mnm
1149 3043 1239 3086 suam
1262 3021 1405 3105 quotidie
1423 3042 1481 3104 por
1499 3019 1545 3081 lu·

498 3108 677 3191 oipiondnm
688 3108 806 3182 Adam,
817 3116 917 3191 otpor
931 3108 1000 3170 haeo
1041 3108 1176 3171 minaria
1190 3108 1269 3184 haeo,
1285 3107 1318 3169 id
1336 3113 1397 3179 est,
1418 3126 1475 3191 por
1496 3125 1545 3167 so

498 3193 681 3256 factumest
693 3191 880 3289 figmentum
891 3206 1001 3256 emnn-
1041 3193 1112 3268 lom‚
1128 3205 1162 3257 et
1177 3193 1296 3267 lunum,
1311 3214 1369 3277 por
1383 3213 1462 3275 quos
1477 3189 1546 3253 nni-

499 3277 532 3340 di
557 3299 613 3362 per
638 3277 852 3341 conditionem
878 3277 1000 3340 Prinoi-
1042 3300 1151 3341 vorsus
1191 3278 1336 3354 mundus,
1373 3284 1407 3340 ot
1444 3274 1545 3339 omnis

499 3361 557 3446 pis.
1042 3370 1191 3428 ornatura
1231 3362 1416 3447 iraptatur„
1451 3360 1546 3423 Illum

544 3448 610 3509 XI.
634 3446 760 3511 fDeum
775 3469 850 3511 voro
864 3469 926 3510 non
945 3448 1001 3512 ha·
1042 3471 1127 3523 voro,
1157 3449 1211 3533 qni
1243 3448 1368 3512 locutus
1396 3454 1445 3511 ost
1474 3468 1545 3509 oum

498 3532 573 3596 bero
584 3540 709 3617 portem
720 3554 791 3596 cum
803 3533 930 3608 mundo,
943 3554 1001 3597 nso
1044 3536 1170 3617 Moyse,
1187 3542 1220 3597 et
1235 3534 1258 3596 J
1261 3533 1369 3609 adisis,
1385 3539 1419 3596 ot
1435 3532 1545 3595 Sacer-

497 3618 638 3702 gnudoro
659 3639 815 3702 supereo,
831 3629 846 3667 ⁸
855 3619 940 3702 quod
959 3618 1001 3682 ab
1042 3618 1181 3695 dotibus,
1192 3619 1373 3704 Prinoipom
1384 3617 1462 3680 diois
1477 3637 1546 3679 osse

498 3703 590 3766 initio
613 3701 753 3766 hfurtum
778 3724 891 3787 passus
912 3704 956 3767 sit
981 3726 1001 3767 a
1042 3706 1255 3781 tenebrarum,
1284 3713 1318 3768 et
1348 3704 1419 3767 idoo
1448 3722 1545 3765 unum

540 3942 555 3985 ‘¹
570 3945 670 4001 Codex
685 3946 844 4012 Bobiensis,
859 3948 905 4022 qui
918 3949 1020 4005 Evam.

539 4051 552 4082 θ
567 4042 645 4099 Male
660 4041 823 4101 casinensis
834 4045 933 4111 codex,
948 4046 1082 4102 mundum.

540 4134 552 4178 ἲ
578 4139 679 4195 Codex
703 4140 863 4206 Bobiensis,
887 4142 1042 4205 Dominum,
1067 4161 1132 4198 nero
1160 4161 1212 4198 non
1236 4142 1333 4198 habere
1352 4149 1460 4216 patrem
1487 4158 1546 4195 ουοι

498 4236 603 4292 mundo.
641 4236 824 4311 Typographi
838 4237 957 4295 forsitan
972 4257 1059 4294 error.

539 4342 556 4386 8
571 4331 670 4388 Codex
685 4333 844 4398 Bobiensis,
854 4335 1062 4409 propterquod.

540 4427 553 4464 λ
570 4429 648 4485 Male
659 4429 749 4486 codex
764 4430 937 4494 casinensis,
943 4431 1069 4505 furcam.

539 4524 547 4568 ¹
570 4526 669 4583 Codex
694 4526 855 4593 Bobiensis,
878 4536 1001 4601 rupatnr.
1037 4525 1169 4585 Valesius
1191 4536 1286 4585 nutem
1311 4537 1388 4584 recte
1412 4526 1544 4593 correxit,

499 4632 638 4699 raptatur.
