3817 5692
777 699 1088 764 DISPUTATIO.
1395 701 1458 769 129

408 887 559 954 centem,
580 870 671 942 ¹Aut
687 870 957 964 enperimentum
975 867 1133 963 queritis
1158 870 1238 961 q'us,
1256 871 1317 963 qui
1342 872 1379 940 in
1405 894 1458 942 me

407 984 561 1079 loquitur
573 983 768 1059 Christus?
793 984 973 1054 ethorum
992 984 1129 1066 similia,
1148 984 1192 1054 de
1211 985 1339 1076 quibus
1355 1007 1459 1077 supo-

408 1103 480 1172 rius
497 1102 672 1184 diximus3
695 1101 790 1170 undo
808 1109 845 1170 et
863 1110 1033 1191 tanquam
1051 1100 1215 1172 fidelibus
1232 1101 1333 1171 nobis
1349 1101 1459 1173 haero

407 1218 510 1287 dibus
536 1218 607 1288 suis
630 1217 815 1311 consignat
832 1224 1086 1287 testamentum
1110 1239 1174 1286 sua
1192 1218 1237 1287 ad
1256 1217 1458 1289 Corinthios

407 1333 567 1426 epistola,
585 1334 685 1404 volnt
710 1342 819 1425 pater,
839 1332 967 1413 dicens,
987 1329 1162 1401 'Tradidi
1186 1332 1278 1402 enim
1301 1330 1393 1403 vobis
1419 1334 1457 1403 in

401 1449 545 1544 primia
564 1448 657 1543 quod
670 1458 701 1520 et
718 1446 843 1541 accepi,
862 1447 945 1541 quia
964 1443 1127 1521 Christus
1149 1457 1305 1519 mortuus
1321 1457 1370 1519 est
1387 1471 1457 1542 pro

406 1567 554 1659 peccatis
571 1564 699 1636 nostris
715 1562 899 1635 secundum
916 1561 1130 1657 Scripturas,
1149 1572 1180 1634 et
1202 1563 1285 1658 quia
1306 1562 1457 1658 sepultus

408 1687 466 1761 est,
484 1689 515 1750 et
532 1679 615 1773 quia
631 1678 825 1750 recurrerit
843 1679 945 1749 tertia
963 1678 1020 1749 die
1039 1676 1223 1750 secundum
1240 1678 1455 1774 Scripturas,

410 1803 442 1865 et
466 1795 549 1889 quia
574 1794 756 1889 ³apparuit
779 1791 918 1888 Cephen,
940 1792 1064 1865 deimle
1090 1791 1246 1865 undecim
1268 1794 1457 1889 Apostotis,

405 1921 526 2006 postea
552 1909 701 2006 amplius
724 1934 825 2005 quarn
847 1910 1041 2008 quiupenlis
1055 1908 1237 2006 frutribus
1259 1909 1324 1981 ncle
1348 1909 1458 1993 semet,

409 2050 454 2096 en
470 2025 591 2121 quibus
602 2023 753 2121 plurimi
769 2023 882 2096 adhuc
898 2034 1038 2097 manent
1054 2048 1160 2120 usque
1177 2048 1291 2104 nunc:
1316 2025 1457 2119 qnidam

409 2153 531 2225 anum,
549 2153 581 2215 et
596 2142 822 2214 dormierunt.
849 2140 977 2213 Postea
994 2150 1106 2212 autem
1127 2142 1221 2213 nisus
1237 2149 1286 2212 est
1301 2140 1457 2222 Jacobs,-

409 2259 532 2331 deinde
556 2257 711 2331 sununs
727 2256 928 2353 Apostolis3
954 2256 1137 2328 nouissime
1158 2267 1269 2328 autem
1292 2258 1456 2341 omnium,

409 2386 571 2471 tanquam
597 2374 758 2458 abortivo,
778 2375 872 2446 visus
898 2382 1001 2445 estet
1024 2370 1136 2444 milti:
1164 2372 1242 2470 Epo
1264 2374 1355 2444 enirn
1381 2398 1456 2446 sum

408 2492 613 2563 tenuissimus
630 2492 782 2562 omnium
799 2487 1055 2584 Apostolorum.
1089 2487 1186 2561 ⁴Sioe
1202 2512 1282 2586 erpo
1298 2513 1369 2586 epo,
1386 2491 1458 2561 sice

407 2606 471 2690 illi,
490 2609 539 2679 ita
556 2607 850 2679 annuntiavimus.
902 2603 952 2675 Et
978 2628 1114 2676 rursum
1139 2606 1281 2676 tradens
1307 2606 1457 2678 haeredi-

406 2724 472 2794 bns
500 2748 589 2807 eam,
618 2747 724 2815 quam
751 2724 826 2815 ipse
853 2722 1096 2792 haereditatem
1124 2721 1329 2813 promeruit,
1358 2721 1456 2804 dicit,

406 2838 547 2910 ⁵Timeo
572 2848 684 2910 auum
712 2861 755 2908 ne
771 2836 881 2933 sorte,
907 2837 997 2907 sicut
1023 2859 1162 2931 serpens
1183 2835 1322 2907 seducit
1343 2835 1455 2908 anm

406 2953 535 3024 astutia
559 2976 633 3036 sua,
652 2954 703 3024 ita
728 2961 1017 3047 ⁰cmrumpantur
1035 2975 1154 3022 smnus
1178 2952 1291 3034 uestri,
1310 2961 1341 3023 et
1363 2953 1456 3023 enci·

405 3068 490 3139 dant
514 3092 536 3139 a
561 3066 791 3162 simplicitate,
817 3075 849 3137 et
874 3067 1039 3151 castitate,
1061 3091 1139 3161 quse
1164 3066 1203 3137 in
1230 3065 1372 3140 Otrisn
1396 3078 1454 3140 est.

404 3182 556 3256 Sienim
573 3184 615 3266 is,
634 3183 812 3278 quiverit,
830 3180 938 3254 alium
958 3181 1136 3257 Christum
1156 3183 1455 3279 predicatorem

405 3324 474 3372 nou
498 3300 788 3395 medicanimum
814 3309 874 3370 aut
900 3298 1076 3393 Spiritum
1107 3298 1215 3371 alium
1246 3299 1455 3394 acceperitis,

404 3439 501 3510 quem
519 3440 588 3488 non
606 3416 805 3509 accepistis,·
831 3424 890 3485 aut
907 3412 1007 3486 aliud
1022 3414 1259 3513 annpelium,
1277 3414 1369 3511 qnod
1384 3438 1454 3487 non

404 3530 603 3625 accepistis,·
630 3529 711 3601 bene
734 3531 955 3625 pateremini.
1008 3530 1102 3602 Puto
1131 3532 1222 3603 enim
1253 3531 1336 3626 quia
1364 3528 1457 3601 nihil

407 3647 522 3717 minus
529 3645 608 3742 feci
624 3644 717 3718 nobis
733 3670 756 3717 a
773 3646 905 3718 caeteris
920 3645 1111 3741 apostolis.

453 3760 622 3833 XXXV.
650 3761 742 3832 Haec
759 3770 880 3833 antem
898 3762 999 3844 dixit,
1018 3762 1207 3832 ostendens
1223 3782 1346 3831 omnes
1373 3757 1453 3829 reli-

404 3900 502 3970 quos,
529 3878 589 3969 qui
616 3877 787 3958 venerint,
814 3875 920 3947 falsos
942 3874 1148 3968 Apostolos,
1171 3875 1309 3947 dolosos
1332 3895 1455 3967 opora-

445 4155 458 4183 ¹¹
475 4148 571 4215 Forte,
587 4149 718 4206 insimul.
753 4148 889 4223 Vulgata,
903 4147 994 4205 mmul.

443 4255 458 4288 ⁰
480 4246 514 4302 In
529 4239 687 4312 Catinensi,
702 4252 910 4321 corrumpantur
927 4264 1021 4302 serrem
1040 4247 1126 4302 uestri
1136 4264 1154 4300 a
1167 4244 1349 4320 simplicitate.
1392 4242 1452 4303 Sed

403 4362 456 4400 noc
469 4362 505 4400 ex
519 4343 647 4419 Vulgata
660 4343 860 4419 supplevimus.

445 4533 452 4561 ¹
472 4527 566 4587 scor.
582 4527 642 4585 xiii.
658 4546 687 4602 3.
770 4533 779 4558 ⁸
798 4547 808 4585 1
825 4528 892 4586 Cor.
908 4547 955 4585 xv.
971 4545 1062 4601 3-9.
1128 4525 1138 4558 ³
1156 4526 1244 4601 [Cum
1259 4526 1315 4583 hoc
1329 4524 1360 4584 S.
1371 4526 1450 4585 Pauli

402 4623 499 4681 confer
512 4624 582 4681 Luc.
598 4625 674 4682 xxiv.
692 4626 752 4699 24]
836 4636 848 4668 ⁴
867 4643 878 4682 1
897 4624 964 4682 Cor.
981 4644 1028 4681 xv.
1044 4643 1090 4681 11.
1167 4626 1175 4660 ¹
1191 4641 1207 4679 2
1224 4622 1291 4680 Cor.
1305 4624 1343 4680 xi.
1358 4642 1448 4702 3-5.

445 4740 512 4782 vot.
528 4740 560 4782 v.
978 4742 993 4780 s
