3817 5692
426 722 491 783 144
652 716 905 781 ARCHELAI
938 717 1002 779 ΕΤ
1035 714 1255 778 MANETIS

426 893 520 984 quod
548 892 597 962 ibi
623 890 754 961 dixerit
776 889 885 969 Deus,
909 887 1004 981 ¹Ego
1034 888 1191 967 divitem,
1214 897 1251 955 et
1282 909 1472 977 pauperem

426 1008 539 1088 faci03
565 1006 623 1075 bic
641 1029 724 1075 vero
741 1004 847 1074 Jesus
869 1004 993 1072 beatos
1015 1004 1148 1073 diceret
1166 1023 1347 1093 pauperes.
1398 1000 1474 1069 Ad·

426 1120 534 1190 debat
557 1120 677 1203 etiam,
695 1119 788 1209 quod
813 1140 918 1187 nemo
940 1118 1049 1209 possit
1070 1118 1146 1207 ejus
1171 1138 1247 1185 esse
1273 1115 1475 1207 discipulus,

426 1237 493 1305 nisi
527 1236 747 1304 renuntiaret
780 1234 954 1314 omnibus,
985 1256 1063 1324 quae
1097 1232 1262 1301 baberet:
1290 1231 1353 1300 ²ibi
1393 1255 1476 1301 vero

429 1349 585 1443 Moyses,
610 1358 796 1442 argentum
828 1356 866 1417 et
891 1370 1016 1417 aumm
1047 1347 1092 1417 ab
1118 1347 1294 1439 AEgyptiis
1323 1369 1476 1426 sumens,

427 1488 509 1535 cum
526 1464 676 1556 ³populo
693 1464 843 1557 fugisset
863 1486 910 1532 ex
927 1462 1102 1555 AEgypto:
1129 1460 1234 1530 Jesus
1251 1469 1369 1529 autem
1389 1458 1477 1529 nihil

428 1579 579 1673 proximi
596 1577 869 1648 desiderandum
886 1598 963 1646 esse
981 1576 1156 1668 pracepit.
1204 1574 1365 1645 ⁴Deinde
1381 1575 1477 1665 quod

428 1694 489 1765 illa
518 1694 662 1765 oculum
691 1717 756 1786 pro
784 1692 900 1776 oculo,
926 1693 1071 1762 dentem
1101 1715 1164 1783 pro
1195 1691 1302 1761 dente
1329 1691 1365 1758 in
1399 1689 1478 1783 lege

429 1811 578 1879 cavisset
605 1808 781 1900 expendi3
806 1816 928 1877 noster
952 1831 1037 1877 vero
1064 1806 1240 1876 Dominus
1265 1806 1477 1897 percutienti

428 1948 536 1994 uuam
571 1922 763 2003 maxillam,
786 1923 932 2014 juberet
958 1924 1066 1992 etiam
1097 1922 1244 1992 alteram
1280 1922 1478 2012 praeparari.

430 2038 552 2122 ⁵Qu0d
570 2039 619 2108 ibi
638 2036 783 2130 Moyses
800 2060 896 2119 eum,
914 2037 976 2128 qui
997 2036 1145 2107 sabbato
1168 2059 1255 2127 opus
1273 2037 1423 2115 iecisset,
1440 2046 1478 2105 ct

429 2175 498 2221 nou
530 2152 778 2243 permansisset
807 2152 844 2219 in
869 2151 1044 2231 omuibus,
1071 2174 1149 2242 quae
1178 2152 1308 2242 scripta
1332 2160 1416 2220 sunt
1441 2152 1478 2219 in

429 2266 521 2359 lege,
544 2266 671 2358 puniri,
696 2264 914 2357 lapidarique
942 2268 1121 2358 praecepit,
1143 2267 1234 2336 siout
1259 2267 1394 2336 factum
1424 2276 1480 2335 est

430 2382 476 2462 ei,
493 2381 553 2472 qui
571 2380 687 2449 adbuc
709 2380 874 2473 ignorans
894 2381 931 2450 iu
953 2381 1101 2451 sabbato
1119 2381 1248 2451 fascem
1268 2381 1354 2474 ligni
1371 2382 1478 2451 colle·

429 2505 550 2589 gerat;
579 2490 700 2565 ⁶Jesus
718 2519 801 2566 vero
824 2498 861 2565 iu
883 2497 1031 2567 sabbato
1053 2499 1162 2567 etiam
1186 2497 1320 2567 lectum
1339 2508 1479 2589 portare

430 2609 596 2701 praecepit
617 2632 639 2678 a
663 2631 701 2678 se
723 2619 867 2692 curato;
894 2612 972 2680 ’sed
997 2619 1035 2680 ct
1052 2612 1242 2704 discipulos
1262 2613 1299 2681 in
1323 2613 1380 2681 die
1402 2613 1481 2681 sab-

430 2723 505 2793 bati
528 2722 658 2794 vellere
684 2724 808 2815 spicas,
830 2748 873 2795 ac
898 2726 1063 2796 manibus
1087 2727 1280 2797 confricare
1305 2750 1375 2797 non
1401 2751 1480 2819 pro-

430 2838 541 2919 hibet,
570 2840 666 2930 quod
694 2839 849 2910 sabbatis
878 2840 1002 2931 utique
1033 2865 1104 2911 uon
1133 2842 1264 2912 licebat
1293 2844 1379 2912 tieri.
1432 2842 1481 2912 Et

431 2955 516 3046 quid
548 2953 649 3046 plura
683 2954 830 3023 dicam?
868 2954 992 3024 multis
1025 2965 1062 3025 et
1092 2958 1196 3026 variis
1231 2960 1481 3029 assertionibus

432 3069 678 3159 hujuscemodi
715 3070 882 3162 dogmata
919 3070 966 3139 ab
999 3094 1044 3142 eo
1077 3094 1216 3142 summo
1250 3075 1340 3155 nisu,
1374 3084 1481 3164 atquc

431 3206 570 3253 summo
596 3185 714 3254 studio
740 3183 1014 3255 affirmabantur.
1066 3187 1164 3257 Nam
1195 3212 1241 3259 ex
1268 3190 1480 3259 auctoritate

432 3298 581 3389 apostoli
610 3297 729 3391 Moysi
751 3298 879 3392 legem,
903 3299 1020 3394 legem
1044 3324 1121 3373 esse
1141 3304 1266 3373 mortis
1287 3304 1483 3373 conabatur

432 3435 606 3495 asserere3
631 3411 720 3483 Jesu
744 3436 830 3483 vero
855 3414 985 3508 legem,
1006 3416 1123 3510 legem
1149 3440 1226 3489 esse
1244 3420 1338 3500 vitae,
1357 3442 1419 3510 per
1445 3420 1481 3488 id

433 3528 528 3617 quod
545 3528 606 3610 ait,
623 3524 688 3597 ⁸Ia
714 3551 780 3622 pao
805 3536 837 3598 et
862 3528 1002 3601 idoneos
1022 3554 1085 3602 nos
1101 3532 1230 3628 efaciut
1246 3532 1344 3605 Deus
1361 3534 1482 3603 minis-

433 3652 504 3714 tros
531 3644 612 3714 noni
635 3645 833 3727 testamenti,
855 3668 924 3716 non
949 3644 1061 3731 litero,
1082 3648 1143 3719 sed
1157 3649 1308 3744 Spiritu.
1358 3648 1481 3721 Litcro

433 3759 523 3829 enim
542 3758 675 3842 occidit,
692 3757 850 3853 Spiritus
875 3769 987 3831 auam
1009 3761 1167 3855 vivificat.
1221 3762 1323 3852 Quod
1345 3766 1378 3834 si
1394 3760 1482 3833 dmi-

474 3995 487 4026 ⁰
503 3986 636 4061 Vulgata,
642 3987 717 4061 fecit
731 3989 819 4056 Deua,
834 3990 910 4065 quod
924 3991 1017 4065 magis
1030 4010 1125 4067 graeco
1140 3993 1228 4049 textui
1243 4011 1400 4049 consonum
1414 4003 1468 4050 est.

475 4078 640 4158 qulgata
663 4085 840 4145 Ministratio
863 4090 967 4154 mortis,
990 4088 1079 4144 literis
1101 4089 1254 4163 defensata
1278 4092 1306 4145 in
1329 4090 1482 4166 lapidibas,·

434 4179 484 4235 sed
505 4182 596 4237 nostri
616 4182 780 4257 interpretis
803 4184 889 4241 lectio
913 4185 1005 4260 magis
1026 4185 1062 4241 ad
1083 4204 1197 4244 sensum
1219 4188 1314 4261 graeci,
1330 4207 1386 4261 quo
1408 4208 1482 4245 nunc

435 4276 548 4341 utimur,
563 4288 660 4336 textus
674 4281 789 4337 accedit.

477 4428 484 4451 ¹
499 4423 581 4480 Prov.
597 4426 707 4481 xxiia.
730 4426 804 4485 Mat.
819 4448 846 4483 v.
860 4444 889 4499 3.
911 4427 981 4485 Luc.
996 4430 1052 4486 xiv.
1067 4447 1116 4504 33.
1240 4432 1355 4489 'Eroti
1370 4435 1418 4490 xii.
1434 4453 1450 4509 3
1455 4447 1482 4510 5.

436 4524 445 4555 ⁵
462 4519 540 4591 [For.
555 4522 701 4596 populus]
786 4532 796 4561 ⁴
811 4525 903 4581 Exod.
918 4526 976 4581 xxi.
987 4543 1035 4597 24.
1057 4526 1172 4584 Lucri.
1186 4546 1233 4605 29.
1316 4534 1324 4565 ¹
1340 4531 1428 4586 Num.
1438 4551 1482 4586 xv.

436 4631 484 4683 32.
566 4617 679 4674 ⁶Marc.
691 4619 778 4677 iirr.
862 4626 871 4658 ⁷
889 4642 902 4679 2
919 4622 988 4679 Luc.
1003 4625 1039 4680 vi.
1059 4643 1083 4680 r.
1167 4625 1255 4683 'Cor
1270 4627 1308 4682 iii.
1323 4627 1431 4683 6-11.
