3817 5692
799 691 1107 755 DISPUTATIO.
1413 696 1476 757 188

427 887 533 955 quem
563 887 633 932 vox
664 873 810 955 paterna
837 872 990 933 testatur
1017 865 1147 942 dicens,
1183 860 1273 933 'Hic
1307 872 1355 933 est
1373 862 1477 957 filius

427 1000 520 1045 rocus
537 973 688 1057 dilectus,
708 975 825 1044 nullus
842 976 931 1046 alius
958 989 1098 1068 portare
1119 975 1313 1069 prevaluit,
1332 978 1398 1046 nisi
1415 979 1477 1068 qui

427 1115 472 1159 ex
492 1090 610 1159 Maria
626 1099 731 1160 notus
748 1101 812 1170 est,
830 1114 936 1183 super
954 1114 1076 1161 omnes
1095 1102 1235 1161 sanctos
1251 1089 1276 1160 J
1278 1114 1367 1161 esus.
1403 1090 1475 1162 Sed

427 1217 464 1275 et
481 1207 526 1275 ad
545 1206 629 1287 haec‚
647 1229 725 1296 qnae
742 1207 882 1297 objicio,
896 1208 1079 1297 responde.
1131 1206 1171 1277 si
1194 1206 1318 1276 habitu
1340 1230 1421 1276 eum
1439 1217 1478 1276 et

426 1321 543 1413 specie
569 1321 656 1391 dicis
682 1343 759 1391 esse
785 1322 978 1404 hominem,
996 1323 1175 1413 quomodo
1197 1322 1243 1391 ab
1261 1321 1325 1403 his,
1343 1324 1404 1414 qui
1430 1345 1477 1392 cx

426 1437 501 1505 viro
519 1446 556 1505 et
574 1435 723 1505 muliere
741 1437 814 1505 nati
836 1448 928 1517 sunt,
948 1435 1134 1505 Phorisaeis
1152 1437 1263 1505 teneri
1291 1437 1419 1527 potuit,
1438 1446 1477 1507 ct

425 1550 470 1617 ad
489 1548 667 1640 judicium
694 1548 861 1639 protrahi,
880 1572 962 1617 cum
989 1548 1171 1640 spirituale
1197 1571 1323 1639 corpus
1347 1571 1475 1619 sorss-

425 1664 573 1733 sioribus
599 1663 801 1755 corporibus
827 1687 897 1733 non
925 1664 1042 1734 valeat
1067 1663 1343 1756 comprehendi?
1370 1664 1475 1747 Quod

426 1780 455 1847 si
474 1778 581 1847 habes
598 1779 742 1870 aliquid,
760 1781 854 1870 quod
878 1781 923 1849 sd
942 1779 1099 1859 verbum,
1117 1787 1225 1870 atque
1250 1780 1294 1849 od
1321 1780 1477 1870 proposi-

427 1903 505 1962 tum
527 1894 748 1984 respondeas,
766 1895 826 1984 qui
852 1916 1033 1984 nunqnam
1060 1894 1104 1962 ad
1132 1895 1310 1986 proposito
1335 1916 1478 1985 respon·

426 2007 519 2088 disti,
546 2029 653 2100 perge
683 2029 812 2097 quaeso,
840 2017 878 2076 et
908 2006 1082 2099 pugillum
1109 2011 1254 2099 plenum
1281 2007 1364 2078 solis
1389 2007 1477 2076 mihi

425 2122 522 2208 affer,
554 2133 617 2193 sut
646 2125 805 2194 modium
835 2124 1006 2215 plenum?
1037 2124 1119 2216 Ipse
1149 2147 1232 2193 vero
1260 2124 1312 2194 sol
1340 2146 1404 2215 pro
1433 2146 1477 2193 eo

426 2239 520 2330 quod
547 2237 738 2308 subtilioris
755 2247 810 2309 est
827 2241 992 2330 corporis,
1010 2241 1191 2331 cooperire
1218 2247 1266 2321 te,
1284 2249 1322 2310 et
1340 2240 1478 2311 circun-

426 2354 510 2423 dare
537 2363 663 2445 potest,
691 2364 731 2423 tu
758 2376 843 2423 vero
872 2376 966 2435 eum,
993 2356 1060 2425 etsi
1088 2355 1359 2438 conculcaveris,
1387 2355 1475 2425 nihil

427 2468 533 2538 loedis.
585 2467 759 2539 Dominus
785 2491 868 2539 vero
893 2491 994 2539 meus
1010 2468 1127 2550 Jesus,
1149 2472 1178 2539 si
1203 2478 1326 2540 tentus
1351 2479 1416 2551 θεῖ,
1435 2479 1477 2539 ut
1548 2484 1550 2487 ’

427 2584 534 2653 homo
559 2585 604 2654 ab
623 2584 826 2654 hominibus
852 2593 975 2653 tentus
1000 2594 1065 2654 cst.
1118 2583 1252 2654 Sinon
1279 2594 1334 2654 est
1358 2583 1475 2666 homo,

426 2722 494 2769 nec
519 2707 639 2769 tentus
661 2709 726 2769 cst.
779 2698 818 2769 Si
844 2721 916 2768 non
943 2709 998 2768 est
1019 2706 1150 2780 tentus,
1175 2722 1242 2768 nec
1263 2720 1384 2790 possus
1408 2706 1476 2784 est,

427 2836 494 2883 nec
511 2814 710 2905 baptizatus
727 2821 792 2884 est.
834 2813 873 2884 Si
892 2813 953 2883 ille
971 2837 1041 2883 non
1059 2821 1114 2883 est
1131 2814 1343 2904 baptizatus,
1361 2835 1476 2903 neque

429 2931 613 3022 quisquam
636 2940 797 2999 nostrum
823 2930 1022 3021 baptizatus
1039 2936 1103 2997 est.
1155 2927 1340 3019 Baptisma
1355 2936 1476 2997 autem

429 3046 456 3113 si
484 3067 554 3113 non
572 3053 636 3126 est,
654 3068 719 3115 nec
737 3046 804 3115 erit
822 3045 981 3114 remissio
999 3052 1236 3135 peccatorum,
1254 3041 1315 3112 sed
1342 3043 1379 3111 in
1405 3042 1477 3114 suis

429 3161 582 3250 peccatis
599 3162 840 3252 unusquisque
857 3160 1038 3229 morietur.
1091 3158 1230 3228 Msuns
1246 3177 1362 3237 mxm,
1381 3157 1477 3248 Ergo

429 3276 604 3365 baptisma
636 3285 780 3367 propter
809 3275 1050 3345 remissionem
1087 3281 1312 3364 peccatorum
1348 3270 1477 3342 daturi

428 3389 654 3457 Ancssmus
670 3408 785 3467 nrxrr,
804 3387 934 3456 Etiam.
988 3385 1126 3475 Misus
1148 3405 1264 3466 nrxrr,
1284 3384 1379 3478 Ergo
1397 3408 1479 3476 pec-

428 3503 522 3572 cavit
555 3503 728 3581 Christus,
764 3503 847 3593 quia
885 3501 1084 3592 baptizatus
1126 3500 1205 3570 est?
1248 3499 1480 3570 Ancnnmus

429 3619 690 3701 n1x1r‚Absit;
717 3618 802 3709 quin
819 3618 937 3708 potius
955 3623 967 3652 ²
973 3638 1042 3709 pro
1058 3614 1155 3688 nobis
1170 3623 1347 3711 peccatum
1355 3613 1479 3709 suctus

428 3742 487 3818 est,
505 3745 626 3804 nostro
642 3742 788 3825 peccota
805 3734 1008 3824 suscipiens,
1026 3729 1042 3775 ‘¹
1057 3741 1200 3823 propter
1216 3733 1310 3823 quod
1331 3754 1377 3801 ex
1401 3754 1480 3800 mu-

430 3848 515 3917 liere
529 3857 645 3917 natus
671 3858 735 3929 θεῖ,
757 3856 795 3917 θῖ
820 3856 964 3938 propter
989 3847 1082 3938 qnod
1109 3847 1152 3915 ad
1178 3846 1352 3937 baptisma
1368 3846 1477 3928 venit,

430 3973 471 4032 ut
497 3963 602 4053 hujus
628 3963 737 4054 partis
764 3962 961 4053 perciperet
988 3960 1279 4052 purificationem,
1302 3971 1343 4030 ut
1369 3960 1478 4053 Spiri-
1539 4037 1543 4044 ,

469 4209 484 4254 ‘¹
512 4214 546 4269 In
576 4213 672 4271 codice
697 4211 856 4279 Cannensi,
885 4231 941 4286 quo
966 4212 1011 4268 usi
1038 4230 1143 4275 sumus,
1168 4211 1332 4268 adverbium
1351 4219 1477 4285 propter,

429 4306 613 4378 desideratur,
629 4312 679 4367 sed
700 4310 768 4367 illud
789 4309 897 4366 librarii
911 4308 1061 4365 oscitantis
1075 4307 1210 4364 omissum
1224 4306 1311 4364 fuisse
1333 4305 1479 4379 sequentis

431 4402 505 4459 clare
520 4405 726 4465 demonstrant.

630 4563 636 4586 ¹
653 4558 841 4630 hist.iii.17.
1046 4563 1054 4586 '
1073 4576 1088 4612 2
1105 4556 1173 4613 Cor.
1188 4575 1215 4611 v.
1234 4573 1282 4611 21.
