<?xml version="1.0" encoding="UTF-8"?>
<!DOCTYPE html PUBLIC "-//W3C//DTD XHTML 1.0 Transitional//EN"
    "http://www.w3.org/TR/xhtml1/DTD/xhtml1-transitional.dtd">
<html xmlns="http://www.w3.org/1999/xhtml" xml:lang="en" lang="en">
 <head>
  <title>
</title>
<meta http-equiv="Content-Type" content="text/html;charset=utf-8" />
  <meta name='ocr-system' content='tesseract 3.04.00' />
  <meta name='ocr-capabilities' content='ocr_page ocr_carea ocr_par ocr_line ocrx_word'/>
</head>
<body>
  <div class='ocr_page' id='page_1' title='image "./reliquiaesacrae02routgoog_0175.png"; bbox 0 0 3817 5692; ppageno 0'>
   <div class='ocr_carea' id='block_1_1' title="bbox 749 704 1424 771">
    <p class='ocr_par' dir='ltr' id='par_1_1' title="bbox 749 704 1424 771">
     <span class='ocr_line' id='line_1_1' title="bbox 749 704 1424 771; baseline 0.004 -3"><span class='ocrx_word' id='word_1_1' title='bbox 749 707 1061 770; x_wconf 85' lang='lat' dir='ltr'><strong>DISPUTATIO.</strong></span> <span class='ocrx_word' id='word_1_2' title='bbox 1365 704 1424 771; x_wconf 88' lang='lat'><strong>161</strong></span> 
     </span>
    </p>
   </div>
   <div class='ocr_carea' id='block_1_2' title="bbox 377 877 1452 3517">
    <p class='ocr_par' dir='ltr' id='par_1_2' title="bbox 377 877 1452 3517">
     <span class='ocr_line' id='line_1_2' title="bbox 378 877 1424 973; baseline 0 -21"><span class='ocrx_word' id='word_1_3' title='bbox 378 904 441 952; x_wconf 85' lang='lat' dir='ltr'><strong>sua</strong></span> <span class='ocrx_word' id='word_1_4' title='bbox 458 877 521 950; x_wconf 85' lang='lat' dir='ltr'><strong>¹¹in</strong></span> <span class='ocrx_word' id='word_1_5' title='bbox 546 880 662 951; x_wconf 88' lang='lat' dir='ltr'><strong>thibin</strong></span> <span class='ocrx_word' id='word_1_6' title='bbox 688 881 833 972; x_wconf 89' lang='lat' dir='ltr'><strong>positus,</strong></span> <span class='ocrx_word' id='word_1_7' title='bbox 850 881 1043 973; x_wconf 81' lang='lat' dir='ltr'><strong>exponitur</strong></span> <span class='ocrx_word' id='word_1_8' title='bbox 1064 880 1109 949; x_wconf 84' lang='lat' dir='ltr'><strong>ad</strong></span> <span class='ocrx_word' id='word_1_9' title='bbox 1136 881 1229 971; x_wconf 82' lang='lat' dir='ltr'><strong>ripas</strong></span> <span class='ocrx_word' id='word_1_10' title='bbox 1250 877 1424 952; x_wconf 89' lang='lat' dir='ltr'><strong>fluminis:</strong></span> 
     </span>
     <span class='ocr_line' id='line_1_3' title="bbox 379 990 1426 1068; baseline 0.002 -2"><span class='ocrx_word' id='word_1_11' title='bbox 379 996 453 1067; x_wconf 88' lang='lat' dir='ltr'><strong>¹hio</strong></span> <span class='ocrx_word' id='word_1_12' title='bbox 472 995 648 1067; x_wconf 81' lang='lat' dir='ltr'><strong>Dominus</strong></span> <span class='ocrx_word' id='word_1_13' title='bbox 664 1006 785 1067; x_wconf 89' lang='lat' dir='ltr'><strong>noster</strong></span> <span class='ocrx_word' id='word_1_14' title='bbox 799 994 906 1067; x_wconf 83' lang='lat' dir='ltr'><strong>Jesus</strong></span> <span class='ocrx_word' id='word_1_15' title='bbox 924 994 1086 1066; x_wconf 88' lang='lat' dir='ltr'><strong>Christus</strong></span> <span class='ocrx_word' id='word_1_16' title='bbox 1112 1004 1216 1066; x_wconf 86' lang='lat' dir='ltr'><strong>natus</strong></span> <span class='ocrx_word' id='word_1_17' title='bbox 1232 1018 1278 1066; x_wconf 87' lang='lat' dir='ltr'><strong>ex</strong></span> <span class='ocrx_word' id='word_1_18' title='bbox 1295 990 1426 1068; x_wconf 87' lang='lat' dir='ltr'><strong>¹matre</strong></span> 
     </span>
     <span class='ocr_line' id='line_1_4' title="bbox 377 1111 1426 1206; baseline -0.003 -21"><span class='ocrx_word' id='word_1_19' title='bbox 377 1137 441 1185; x_wconf 89' lang='lat' dir='ltr'><strong>sua</strong></span> <span class='ocrx_word' id='word_1_20' title='bbox 458 1112 585 1193; x_wconf 85' lang='lat' dir='ltr'><strong>Maria,</strong></span> <span class='ocrx_word' id='word_1_21' title='bbox 603 1135 667 1204; x_wconf 85' lang='lat' dir='ltr'><strong>per</strong></span> <span class='ocrx_word' id='word_1_22' title='bbox 682 1112 865 1206; x_wconf 83' lang='lat' dir='ltr'><strong>Angelum</strong></span> <span class='ocrx_word' id='word_1_23' title='bbox 882 1113 1027 1206; x_wconf 83' lang='lat' dir='ltr'><strong>fugatur</strong></span> <span class='ocrx_word' id='word_1_24' title='bbox 1042 1113 1079 1181; x_wconf 89' lang='lat' dir='ltr'><strong>in</strong></span> <span class='ocrx_word' id='word_1_25' title='bbox 1096 1111 1301 1205; x_wconf 80' lang='lat' dir='ltr'><strong>AEgyptum.</strong></span> <span class='ocrx_word' id='word_1_26' title='bbox 1351 1112 1426 1183; x_wconf 78' lang='lat' dir='ltr'><strong>&#39;Ibi</strong></span> 
     </span>
     <span class='ocr_line' id='line_1_5' title="bbox 378 1226 1425 1323; baseline 0 -25"><span class='ocrx_word' id='word_1_27' title='bbox 378 1229 523 1323; x_wconf 81' lang='lat' dir='ltr'><strong>Moyses</strong></span> <span class='ocrx_word' id='word_1_28' title='bbox 550 1228 705 1298; x_wconf 85' lang='lat' dir='ltr'><strong>educens</strong></span> <span class='ocrx_word' id='word_1_29' title='bbox 733 1227 904 1320; x_wconf 92' lang='lat' dir='ltr'><strong>populum</strong></span> <span class='ocrx_word' id='word_1_30' title='bbox 936 1227 981 1298; x_wconf 95' lang='lat' dir='ltr'><strong>de</strong></span> <span class='ocrx_word' id='word_1_31' title='bbox 1014 1227 1133 1297; x_wconf 90' lang='lat' dir='ltr'><strong>medio</strong></span> <span class='ocrx_word' id='word_1_32' title='bbox 1167 1226 1425 1320; x_wconf 81' lang='lat' dir='ltr'><strong>AEgyptiorum,</strong></span> 
     </span>
     <span class='ocr_line' id='line_1_6' title="bbox 377 1341 1427 1435; baseline -0.002 -19"><span class='ocrx_word' id='word_1_33' title='bbox 377 1345 548 1427; x_wconf 85' lang='lat' dir='ltr'><strong>salvavit;</strong></span> <span class='ocrx_word' id='word_1_34' title='bbox 576 1354 613 1414; x_wconf 92' lang='lat' dir='ltr'><strong>et</strong></span> <span class='ocrx_word' id='word_1_35' title='bbox 631 1344 689 1414; x_wconf 89' lang='lat' dir='ltr'><strong>hic</strong></span> <span class='ocrx_word' id='word_1_36' title='bbox 706 1343 811 1414; x_wconf 85' lang='lat' dir='ltr'><strong>Jesus</strong></span> <span class='ocrx_word' id='word_1_37' title='bbox 836 1342 1008 1435; x_wconf 91' lang='lat' dir='ltr'><strong>populum</strong></span> <span class='ocrx_word' id='word_1_38' title='bbox 1031 1343 1076 1413; x_wconf 88' lang='lat' dir='ltr'><strong>de</strong></span> <span class='ocrx_word' id='word_1_39' title='bbox 1095 1342 1214 1412; x_wconf 87' lang='lat' dir='ltr'><strong>medio</strong></span> <span class='ocrx_word' id='word_1_40' title='bbox 1233 1341 1427 1414; x_wconf 84' lang='lat' dir='ltr'><strong>Pharisaeo-</strong></span> 
     </span>
     <span class='ocr_line' id='line_1_7' title="bbox 377 1455 1427 1552; baseline -0.004 -20"><span class='ocrx_word' id='word_1_41' title='bbox 377 1484 457 1532; x_wconf 91' lang='lat' dir='ltr'><strong>rum</strong></span> <span class='ocrx_word' id='word_1_42' title='bbox 483 1462 648 1542; x_wconf 83' lang='lat' dir='ltr'><strong>educens,</strong></span> <span class='ocrx_word' id='word_1_43' title='bbox 675 1469 814 1529; x_wconf 83' lang='lat' dir='ltr'><strong>aeternae</strong></span> <span class='ocrx_word' id='word_1_44' title='bbox 839 1458 986 1529; x_wconf 83' lang='lat' dir='ltr'>tradidit</span> <span class='ocrx_word' id='word_1_45' title='bbox 1012 1457 1129 1528; x_wconf 87' lang='lat' dir='ltr'><strong>saluti.</strong></span> <span class='ocrx_word' id='word_1_46' title='bbox 1179 1455 1256 1527; x_wconf 77' lang='lat' dir='ltr'><strong>’Ibi</strong></span> <span class='ocrx_word' id='word_1_47' title='bbox 1281 1457 1427 1552; x_wconf 82' lang='lat' dir='ltr'><strong>Moyses</strong></span> 
     </span>
     <span class='ocr_line' id='line_1_8' title="bbox 378 1573 1427 1669; baseline 0 -23"><span class='ocrx_word' id='word_1_48' title='bbox 378 1599 442 1669; x_wconf 86' lang='lat' dir='ltr'><strong>per</strong></span> <span class='ocrx_word' id='word_1_49' title='bbox 471 1577 667 1647; x_wconf 85' lang='lat' dir='ltr'><strong>orationem</strong></span> <span class='ocrx_word' id='word_1_50' title='bbox 700 1585 835 1667; x_wconf 87' lang='lat' dir='ltr'><strong>petens,</strong></span> <span class='ocrx_word' id='word_1_51' title='bbox 866 1597 886 1644; x_wconf 95' lang='lat' dir='ltr'><strong>e</strong></span> <span class='ocrx_word' id='word_1_52' title='bbox 914 1573 998 1645; x_wconf 84' lang='lat' dir='ltr'><strong>caelo</strong></span> <span class='ocrx_word' id='word_1_53' title='bbox 1025 1576 1163 1666; x_wconf 87' lang='lat' dir='ltr'><strong>aceepit</strong></span> <span class='ocrx_word' id='word_1_54' title='bbox 1190 1597 1329 1666; x_wconf 84' lang='lat' dir='ltr'><strong>panem,</strong></span> <span class='ocrx_word' id='word_1_55' title='bbox 1357 1598 1427 1667; x_wconf 91' lang='lat' dir='ltr'><strong>quo</strong></span> 
     </span>
     <span class='ocr_line' id='line_1_9' title="bbox 379 1683 1428 1784; baseline -0.001 -22"><span class='ocrx_word' id='word_1_56' title='bbox 379 1701 539 1784; x_wconf 84' lang='lat' dir='ltr'><strong>pasceret</strong></span> <span class='ocrx_word' id='word_1_57' title='bbox 564 1690 735 1784; x_wconf 86' lang='lat' dir='ltr'><strong>populum</strong></span> <span class='ocrx_word' id='word_1_58' title='bbox 758 1691 796 1759; x_wconf 89' lang='lat' dir='ltr'><strong>in</strong></span> <span class='ocrx_word' id='word_1_59' title='bbox 813 1690 971 1770; x_wconf 87' lang='lat' dir='ltr'><strong>deserto;</strong></span> <span class='ocrx_word' id='word_1_60' title='bbox 998 1688 1076 1758; x_wconf 85' lang='lat' dir='ltr'><strong>⁴hic</strong></span> <span class='ocrx_word' id='word_1_61' title='bbox 1100 1683 1301 1759; x_wconf 71' lang='lat' dir='ltr'><strong>kDominus</strong></span> <span class='ocrx_word' id='word_1_62' title='bbox 1325 1712 1428 1761; x_wconf 82' lang='lat' dir='ltr'><strong>meus</strong></span> 
     </span>
     <span class='ocr_line' id='line_1_10' title="bbox 378 1803 1429 1897; baseline -0.001 -21"><span class='ocrx_word' id='word_1_63' title='bbox 378 1806 404 1876; x_wconf 89' lang='lat' dir='ltr'>J</span> <span class='ocrx_word' id='word_1_64' title='bbox 405 1829 485 1878; x_wconf 86' lang='lat' dir='ltr'><strong>esus</strong></span> <span class='ocrx_word' id='word_1_65' title='bbox 502 1807 634 1875; x_wconf 83' lang='lat' dir='ltr'><strong>virtute</strong></span> <span class='ocrx_word' id='word_1_66' title='bbox 651 1805 790 1897; x_wconf 87' lang='lat' dir='ltr'><strong>propria</strong></span> <span class='ocrx_word' id='word_1_67' title='bbox 806 1827 853 1873; x_wconf 87' lang='lat' dir='ltr'><strong>ex</strong></span> <span class='ocrx_word' id='word_1_68' title='bbox 870 1804 1025 1895; x_wconf 90' lang='lat' dir='ltr'><strong>quinque</strong></span> <span class='ocrx_word' id='word_1_69' title='bbox 1051 1803 1200 1895; x_wconf 84' lang='lat' dir='ltr'><strong>panibus</strong></span> <span class='ocrx_word' id='word_1_70' title='bbox 1217 1805 1309 1875; x_wconf 84' lang='lat' dir='ltr'><strong>viros</strong></span> <span class='ocrx_word' id='word_1_71' title='bbox 1326 1805 1429 1897; x_wconf 92' lang='lat' dir='ltr'><strong>quin-</strong></span> 
     </span>
     <span class='ocr_line' id='line_1_11' title="bbox 380 1916 1429 2012; baseline 0 -22"><span class='ocrx_word' id='word_1_72' title='bbox 380 1943 449 2011; x_wconf 88' lang='lat' dir='ltr'><strong>que</strong></span> <span class='ocrx_word' id='word_1_73' title='bbox 466 1919 578 1991; x_wconf 91' lang='lat' dir='ltr'><strong>millia</strong></span> <span class='ocrx_word' id='word_1_74' title='bbox 594 1921 735 1991; x_wconf 85' lang='lat' dir='ltr'><strong>satiavit</strong></span> <span class='ocrx_word' id='word_1_75' title='bbox 752 1921 790 1988; x_wconf 92' lang='lat' dir='ltr'><strong>in</strong></span> <span class='ocrx_word' id='word_1_76' title='bbox 808 1918 959 1989; x_wconf 87' lang='lat' dir='ltr'><strong>deserto.</strong></span> <span class='ocrx_word' id='word_1_77' title='bbox 994 1916 1068 1989; x_wconf 88' lang='lat' dir='ltr'><strong>⁵Ibi</strong></span> <span class='ocrx_word' id='word_1_78' title='bbox 1088 1918 1233 2012; x_wconf 83' lang='lat' dir='ltr'><strong>Moyses</strong></span> <span class='ocrx_word' id='word_1_79' title='bbox 1250 1941 1332 1989; x_wconf 84' lang='lat' dir='ltr'><strong>eum</strong></span> <span class='ocrx_word' id='word_1_80' title='bbox 1349 1943 1429 2012; x_wconf 89' lang='lat' dir='ltr'><strong>pro·</strong></span> 
     </span>
     <span class='ocr_line' id='line_1_12' title="bbox 379 2034 1427 2128; baseline 0.002 -22"><span class='ocrx_word' id='word_1_81' title='bbox 379 2036 531 2116; x_wconf 69' lang='lat' dir='ltr'><strong>haeretur,</strong></span> <span class='ocrx_word' id='word_1_82' title='bbox 549 2036 684 2128; x_wconf 87' lang='lat' dir='ltr'><strong>positus</strong></span> <span class='ocrx_word' id='word_1_83' title='bbox 701 2036 738 2104; x_wconf 91' lang='lat' dir='ltr'><strong>in</strong></span> <span class='ocrx_word' id='word_1_84' title='bbox 755 2045 878 2105; x_wconf 88' lang='lat' dir='ltr'><strong>monte</strong></span> <span class='ocrx_word' id='word_1_85' title='bbox 888 2034 1065 2125; x_wconf 87' lang='lat' dir='ltr'><strong>jejunavit</strong></span> <span class='ocrx_word' id='word_1_86' title='bbox 1082 2035 1315 2128; x_wconf 81' lang='lat' dir='ltr'><strong>quadraginta</strong></span> <span class='ocrx_word' id='word_1_87' title='bbox 1331 2037 1427 2121; x_wconf 80' lang='lat' dir='ltr'><strong>dies3</strong></span> 
     </span>
     <span class='ocr_line' id='line_1_13' title="bbox 379 2148 1428 2242; baseline 0.003 -21"><span class='ocrx_word' id='word_1_88' title='bbox 379 2149 435 2221; x_wconf 83' lang='lat' dir='ltr'><strong>⁶et</strong></span> <span class='ocrx_word' id='word_1_89' title='bbox 451 2152 509 2222; x_wconf 87' lang='lat' dir='ltr'><strong>hic</strong></span> <span class='ocrx_word' id='word_1_90' title='bbox 526 2153 702 2223; x_wconf 89' lang='lat' dir='ltr'><strong>Dominus</strong></span> <span class='ocrx_word' id='word_1_91' title='bbox 719 2174 819 2223; x_wconf 87' lang='lat' dir='ltr'><strong>meus</strong></span> <span class='ocrx_word' id='word_1_92' title='bbox 831 2148 936 2221; x_wconf 86' lang='lat' dir='ltr'><strong>Jesus</strong></span> <span class='ocrx_word' id='word_1_93' title='bbox 953 2174 975 2221; x_wconf 83' lang='lat' dir='ltr'><strong>a</strong></span> <span class='ocrx_word' id='word_1_94' title='bbox 991 2149 1126 2242; x_wconf 83' lang='lat' dir='ltr'><strong>Spiritu</strong></span> <span class='ocrx_word' id='word_1_95' title='bbox 1143 2160 1244 2221; x_wconf 82' lang='lat' dir='ltr'><strong>actus</strong></span> <span class='ocrx_word' id='word_1_96' title='bbox 1261 2152 1297 2220; x_wconf 94' lang='lat' dir='ltr'><strong>in</strong></span> <span class='ocrx_word' id='word_1_97' title='bbox 1312 2152 1428 2224; x_wconf 87' lang='lat' dir='ltr'><strong>deser-</strong></span> 
     </span>
     <span class='ocr_line' id='line_1_14' title="bbox 378 2264 1429 2360; baseline 0.007 -27"><span class='ocrx_word' id='word_1_98' title='bbox 378 2272 470 2348; x_wconf 89' lang='lat' dir='ltr'><strong>tum,</strong></span> <span class='ocrx_word' id='word_1_99' title='bbox 487 2289 570 2336; x_wconf 88' lang='lat' dir='ltr'><strong>oum</strong></span> <span class='ocrx_word' id='word_1_100' title='bbox 595 2275 794 2337; x_wconf 83' lang='lat' dir='ltr'><strong>tentaretur</strong></span> <span class='ocrx_word' id='word_1_101' title='bbox 818 2290 840 2336; x_wconf 88' lang='lat' dir='ltr'><strong>a</strong></span> <span class='ocrx_word' id='word_1_102' title='bbox 866 2264 1028 2348; x_wconf 85' lang='lat' dir='ltr'><strong>Diabolo‚</strong></span> <span class='ocrx_word' id='word_1_103' title='bbox 1047 2266 1279 2360; x_wconf 82' lang='lat' dir='ltr'><strong>quadraginta</strong></span> <span class='ocrx_word' id='word_1_104' title='bbox 1304 2267 1429 2340; x_wconf 85' lang='lat' dir='ltr'><strong>diebus</strong></span> 
     </span>
     <span class='ocr_line' id='line_1_15' title="bbox 379 2379 1430 2475; baseline 0.001 -23"><span class='ocrx_word' id='word_1_105' title='bbox 379 2381 542 2452; x_wconf 89' lang='lat' dir='ltr'><strong>similiter</strong></span> <span class='ocrx_word' id='word_1_106' title='bbox 551 2383 739 2475; x_wconf 87' lang='lat' dir='ltr'><strong>jejunavit.</strong></span> <span class='ocrx_word' id='word_1_107' title='bbox 778 2381 854 2451; x_wconf 82' lang='lat' dir='ltr'><strong>⁷1bi</strong></span> <span class='ocrx_word' id='word_1_108' title='bbox 871 2382 909 2451; x_wconf 91' lang='lat' dir='ltr'><strong>in</strong></span> <span class='ocrx_word' id='word_1_109' title='bbox 925 2389 1119 2473; x_wconf 83' lang='lat' dir='ltr'><strong>conspeetu</strong></span> <span class='ocrx_word' id='word_1_110' title='bbox 1136 2379 1268 2474; x_wconf 89' lang='lat' dir='ltr'><strong>Moysi,</strong></span> <span class='ocrx_word' id='word_1_111' title='bbox 1287 2391 1430 2475; x_wconf 85' lang='lat' dir='ltr'><strong>propter</strong></span> 
     </span>
     <span class='ocr_line' id='line_1_16' title="bbox 377 2496 1429 2589; baseline 0.004 -25"><span class='ocrx_word' id='word_1_112' title='bbox 377 2496 626 2568; x_wconf 83' lang='lat' dir='ltr'><strong>infidelitatem</strong></span> <span class='ocrx_word' id='word_1_113' title='bbox 656 2496 849 2566; x_wconf 80' lang='lat' dir='ltr'><strong>Pharaonis</strong></span> <span class='ocrx_word' id='word_1_114' title='bbox 876 2497 996 2566; x_wconf 89' lang='lat' dir='ltr'><strong>omnia</strong></span> <span class='ocrx_word' id='word_1_115' title='bbox 1021 2496 1269 2589; x_wconf 85' lang='lat' dir='ltr'><strong>AEgyptiorum</strong></span> <span class='ocrx_word' id='word_1_116' title='bbox 1300 2500 1429 2589; x_wconf 89' lang='lat' dir='ltr'><strong>primo-</strong></span> 
     </span>
     <span class='ocr_line' id='line_1_17' title="bbox 377 2609 1430 2704; baseline 0.001 -22"><span class='ocrx_word' id='word_1_117' title='bbox 377 2614 499 2704; x_wconf 82' lang='lat' dir='ltr'><strong>genita</strong></span> <span class='ocrx_word' id='word_1_118' title='bbox 514 2614 715 2704; x_wconf 82' lang='lat' dir='ltr'><strong>perierunt3</strong></span> <span class='ocrx_word' id='word_1_119' title='bbox 741 2609 797 2681; x_wconf 86' lang='lat' dir='ltr'><strong>⁸et</strong></span> <span class='ocrx_word' id='word_1_120' title='bbox 815 2611 872 2682; x_wconf 86' lang='lat' dir='ltr'><strong>hio</strong></span> <span class='ocrx_word' id='word_1_121' title='bbox 886 2611 976 2682; x_wconf 85' lang='lat' dir='ltr'><strong>Jesu</strong></span> <span class='ocrx_word' id='word_1_122' title='bbox 995 2621 1172 2693; x_wconf 84' lang='lat' dir='ltr'><strong>nascente,</strong></span> <span class='ocrx_word' id='word_1_123' title='bbox 1191 2621 1335 2704; x_wconf 89' lang='lat' dir='ltr'><strong>propter</strong></span> <span class='ocrx_word' id='word_1_124' title='bbox 1351 2613 1430 2683; x_wconf 85' lang='lat' dir='ltr'><strong>infl-</strong></span> 
     </span>
     <span class='ocr_line' id='line_1_18' title="bbox 379 2719 1452 2824; baseline 0.003 -28"><span class='ocrx_word' id='word_1_125' title='bbox 379 2727 564 2798; x_wconf 86' lang='lat' dir='ltr'><strong>delitatem</strong></span> <span class='ocrx_word' id='word_1_126' title='bbox 601 2725 767 2811; x_wconf 87' lang='lat' dir='ltr'><strong>Herodis,</strong></span> <span class='ocrx_word' id='word_1_127' title='bbox 796 2749 902 2796; x_wconf 88' lang='lat' dir='ltr'><strong>omne</strong></span> <span class='ocrx_word' id='word_1_128' title='bbox 935 2719 1186 2797; x_wconf 85' lang='lat' dir='ltr'><strong>¹mesoulinum</strong></span> <span class='ocrx_word' id='word_1_129' title='bbox 1220 2725 1452 2824; x_wconf 77' lang='lat' dir='ltr'><strong>Judaeorum</strong></span> 
     </span>
     <span class='ocr_line' id='line_1_19' title="bbox 379 2840 1429 2937; baseline 0.003 -25"><span class='ocrx_word' id='word_1_130' title='bbox 379 2843 498 2912; x_wconf 86' lang='lat' dir='ltr'><strong>subito</strong></span> <span class='ocrx_word' id='word_1_131' title='bbox 516 2844 618 2935; x_wconf 87' lang='lat' dir='ltr'><strong>perit.</strong></span> <span class='ocrx_word' id='word_1_132' title='bbox 669 2840 745 2912; x_wconf 87' lang='lat' dir='ltr'><strong>⁹Ibi</strong></span> <span class='ocrx_word' id='word_1_133' title='bbox 764 2841 808 2910; x_wconf 92' lang='lat' dir='ltr'><strong>M</strong></span> <span class='ocrx_word' id='word_1_134' title='bbox 810 2864 910 2936; x_wconf 87' lang='lat' dir='ltr'><strong>oyses</strong></span> <span class='ocrx_word' id='word_1_135' title='bbox 928 2851 1014 2924; x_wconf 85' lang='lat' dir='ltr'><strong>orat,</strong></span> <span class='ocrx_word' id='word_1_136' title='bbox 1033 2850 1074 2911; x_wconf 92' lang='lat' dir='ltr'><strong>ut</strong></span> <span class='ocrx_word' id='word_1_137' title='bbox 1093 2853 1259 2934; x_wconf 83' lang='lat' dir='ltr'><strong>pareatur</strong></span> <span class='ocrx_word' id='word_1_138' title='bbox 1278 2865 1300 2912; x_wconf 88' lang='lat' dir='ltr'><strong>a</strong></span> <span class='ocrx_word' id='word_1_139' title='bbox 1317 2842 1429 2937; x_wconf 81' lang='lat' dir='ltr'><strong>plagis</strong></span> 
     </span>
     <span class='ocr_line' id='line_1_20' title="bbox 379 2957 1431 3052; baseline 0.001 -25"><span class='ocrx_word' id='word_1_140' title='bbox 379 2957 565 3042; x_wconf 81' lang='lat' dir='ltr'><strong>Pharaoni,</strong></span> <span class='ocrx_word' id='word_1_141' title='bbox 595 2982 637 3030; x_wconf 89' lang='lat' dir='ltr'><strong>ao</strong></span> <span class='ocrx_word' id='word_1_142' title='bbox 664 2958 796 3052; x_wconf 92' lang='lat' dir='ltr'><strong>populo</strong></span> <span class='ocrx_word' id='word_1_143' title='bbox 825 2959 921 3049; x_wconf 83' lang='lat' dir='ltr'><strong>ejus3</strong></span> <span class='ocrx_word' id='word_1_144' title='bbox 948 2966 986 3029; x_wconf 86' lang='lat' dir='ltr'><strong>et</strong></span> <span class='ocrx_word' id='word_1_145' title='bbox 1015 2958 1074 3029; x_wconf 85' lang='lat' dir='ltr'><strong>hio</strong></span> <span class='ocrx_word' id='word_1_146' title='bbox 1102 2958 1278 3029; x_wconf 89' lang='lat' dir='ltr'><strong>Dominus</strong></span> <span class='ocrx_word' id='word_1_147' title='bbox 1309 2967 1431 3030; x_wconf 86' lang='lat' dir='ltr'><strong>noster</strong></span> 
     </span>
     <span class='ocr_line' id='line_1_21' title="bbox 377 3073 1429 3172; baseline 0.002 -28"><span class='ocrx_word' id='word_1_148' title='bbox 377 3074 483 3146; x_wconf 86' lang='lat' dir='ltr'><strong>Jesus</strong></span> <span class='ocrx_word' id='word_1_149' title='bbox 500 3084 577 3147; x_wconf 87' lang='lat' dir='ltr'><strong>orat</strong></span> <span class='ocrx_word' id='word_1_150' title='bbox 597 3075 772 3169; x_wconf 85' lang='lat' dir='ltr'><strong>indulgeri</strong></span> <span class='ocrx_word' id='word_1_151' title='bbox 800 3074 992 3157; x_wconf 77' lang='lat' dir='ltr'><strong>Pharisaeis,</strong></span> <span class='ocrx_word' id='word_1_152' title='bbox 1011 3075 1140 3158; x_wconf 85' lang='lat' dir='ltr'><strong>dicens,</strong></span> <span class='ocrx_word' id='word_1_153' title='bbox 1158 3073 1269 3146; x_wconf 75' lang='lat' dir='ltr'><strong>Pater</strong></span> <span class='ocrx_word' id='word_1_154' title='bbox 1294 3076 1429 3172; x_wconf 71' lang='lat' dir='ltr'><strong>ipriosee</strong></span> 
     </span>
     <span class='ocr_line' id='line_1_22' title="bbox 378 3188 1430 3286; baseline 0 -26"><span class='ocrx_word' id='word_1_155' title='bbox 378 3191 438 3273; x_wconf 81' lang='lat' dir='ltr'><strong>eir,</strong></span> <span class='ocrx_word' id='word_1_156' title='bbox 456 3192 618 3285; x_wconf 72' lang='lat' dir='ltr'><strong>quereiam</strong></span> <span class='ocrx_word' id='word_1_157' title='bbox 635 3191 790 3262; x_wconf 67' lang='lat' dir='ltr'><strong>normani</strong></span> <span class='ocrx_word' id='word_1_158' title='bbox 808 3188 1053 3286; x_wconf 79' lang='lat' dir='ltr'><strong>quidsooiont.</strong></span> <span class='ocrx_word' id='word_1_159' title='bbox 1085 3189 1158 3261; x_wconf 89' lang='lat' dir='ltr'><strong>¹Ibi</strong></span> <span class='ocrx_word' id='word_1_160' title='bbox 1173 3191 1292 3284; x_wconf 88' lang='lat' dir='ltr'><strong>Moysi</strong></span> <span class='ocrx_word' id='word_1_161' title='bbox 1310 3191 1430 3261; x_wconf 86' lang='lat' dir='ltr'><strong>vultus</strong></span> 
     </span>
     <span class='ocr_line' id='line_1_23' title="bbox 378 3306 1430 3401; baseline 0 -24"><span class='ocrx_word' id='word_1_162' title='bbox 378 3307 597 3400; x_wconf 84' lang='lat' dir='ltr'><strong>resplenduit</strong></span> <span class='ocrx_word' id='word_1_163' title='bbox 622 3308 692 3377; x_wconf 81' lang='lat' dir='ltr'><strong>min</strong></span> <span class='ocrx_word' id='word_1_164' title='bbox 716 3308 829 3401; x_wconf 82' lang='lat' dir='ltr'><strong>gloria</strong></span> <span class='ocrx_word' id='word_1_165' title='bbox 860 3306 1018 3390; x_wconf 89' lang='lat' dir='ltr'><strong>Domini,</strong></span> <span class='ocrx_word' id='word_1_166' title='bbox 1044 3307 1097 3376; x_wconf 87' lang='lat' dir='ltr'><strong>ita</strong></span> <span class='ocrx_word' id='word_1_167' title='bbox 1122 3317 1258 3377; x_wconf 86' lang='lat' dir='ltr'><strong>utnon</strong></span> <span class='ocrx_word' id='word_1_168' title='bbox 1285 3316 1430 3400; x_wconf 86' lang='lat' dir='ltr'><strong>possent</strong></span> 
     </span>
     <span class='ocr_line' id='line_1_24' title="bbox 377 3421 1428 3517; baseline 0.002 -25"><span class='ocrx_word' id='word_1_169' title='bbox 377 3422 440 3492; x_wconf 85' lang='lat' dir='ltr'><strong>filii</strong></span> <span class='ocrx_word' id='word_1_170' title='bbox 466 3424 573 3494; x_wconf 74' lang='lat' dir='ltr'><strong>Israiil</strong></span> <span class='ocrx_word' id='word_1_171' title='bbox 594 3425 779 3495; x_wconf 88' lang='lat' dir='ltr'><strong>intendere</strong></span> <span class='ocrx_word' id='word_1_172' title='bbox 803 3424 840 3492; x_wconf 93' lang='lat' dir='ltr'><strong>in</strong></span> <span class='ocrx_word' id='word_1_173' title='bbox 863 3423 990 3493; x_wconf 86' lang='lat' dir='ltr'><strong>faeiem</strong></span> <span class='ocrx_word' id='word_1_174' title='bbox 1011 3423 1088 3514; x_wconf 88' lang='lat' dir='ltr'><strong>ejus</strong></span> <span class='ocrx_word' id='word_1_175' title='bbox 1110 3432 1255 3515; x_wconf 89' lang='lat' dir='ltr'><strong>proptor</strong></span> <span class='ocrx_word' id='word_1_176' title='bbox 1279 3421 1428 3517; x_wconf 83' lang='lat' dir='ltr'><strong>gloriam</strong></span> 
     </span>
    </p>
   </div>
   <div class='ocr_carea' id='block_1_3' title="bbox 379 3609 1429 4370">
    <p class='ocr_par' dir='ltr' id='par_1_3' title="bbox 380 3609 1429 3784">
     <span class='ocr_line' id='line_1_25' title="bbox 418 3609 1429 3688; baseline 0.001 -21"><span class='ocrx_word' id='word_1_177' title='bbox 418 3609 435 3654; x_wconf 82' lang='lat' dir='ltr'><strong>h</strong></span> <span class='ocrx_word' id='word_1_178' title='bbox 449 3611 556 3677; x_wconf 89' lang='lat' dir='ltr'><strong>Thibis‚</strong></span> <span class='ocrx_word' id='word_1_179' title='bbox 568 3611 647 3680; x_wconf 71' lang='grc' dir='ltr'><strong><em>θίβιε,</em></strong></span> <span class='ocrx_word' id='word_1_180' title='bbox 662 3613 736 3688; x_wconf 83' lang='lat' dir='ltr'><strong>apud</strong></span> <span class='ocrx_word' id='word_1_181' title='bbox 751 3612 843 3671; x_wconf 87' lang='lat' dir='ltr'><strong>LXX.</strong></span> <span class='ocrx_word' id='word_1_182' title='bbox 858 3621 903 3670; x_wconf 79' lang='lat' dir='ltr'><strong>est</strong></span> <span class='ocrx_word' id='word_1_183' title='bbox 913 3613 1020 3670; x_wconf 73' lang='lat' dir='ltr'><strong>fiscella</strong></span> <span class='ocrx_word' id='word_1_184' title='bbox 1033 3611 1142 3687; x_wconf 81' lang='lat' dir='ltr'><strong>scirpea</strong></span> <span class='ocrx_word' id='word_1_185' title='bbox 1154 3611 1184 3668; x_wconf 92' lang='lat' dir='ltr'><strong>in</strong></span> <span class='ocrx_word' id='word_1_186' title='bbox 1195 3611 1331 3688; x_wconf 80' lang='lat' dir='ltr'><strong>Vulgata.</strong></span> <span class='ocrx_word' id='word_1_187' title='bbox 1355 3612 1429 3670; x_wconf 85' lang='lat' dir='ltr'><strong>Mox</strong></span> 
     </span>
     <span class='ocr_line' id='line_1_26' title="bbox 380 3710 617 3784; baseline 0.004 -18"><span class='ocrx_word' id='word_1_188' title='bbox 380 3710 502 3767; x_wconf 89' lang='lat' dir='ltr'><strong>Bobien.</strong></span> <span class='ocrx_word' id='word_1_189' title='bbox 517 3711 617 3784; x_wconf 74' lang='lat' dir='ltr'><strong>mpori.</strong></span> 
     </span>
    </p>

    <p class='ocr_par' dir='ltr' id='par_1_4' title="bbox 418 3805 938 3872">
     <span class='ocr_line' id='line_1_27' title="bbox 418 3805 938 3872; baseline 0 -8"><span class='ocrx_word' id='word_1_190' title='bbox 418 3805 426 3848; x_wconf 82' lang='lat'>¹</span> <span class='ocrx_word' id='word_1_191' title='bbox 442 3806 542 3864; x_wconf 84' lang='lat' dir='ltr'><strong>Codex</strong></span> <span class='ocrx_word' id='word_1_192' title='bbox 556 3807 718 3872; x_wconf 79' lang='lat' dir='ltr'><strong>Bobiensis,</strong></span> <span class='ocrx_word' id='word_1_193' title='bbox 731 3817 817 3864; x_wconf 79' lang='lat' dir='ltr'><strong>matre</strong></span> <span class='ocrx_word' id='word_1_194' title='bbox 830 3806 938 3864; x_wconf 76' lang='grc' dir='ltr'><em>Μανία.</em></span> 
     </span>
    </p>

    <p class='ocr_par' dir='ltr' id='par_1_5' title="bbox 380 3901 1429 4058">
     <span class='ocr_line' id='line_1_28' title="bbox 420 3901 1429 3980; baseline -0.001 -20"><span class='ocrx_word' id='word_1_195' title='bbox 420 3901 436 3945; x_wconf 77' lang='lat'><strong>¹¹</strong></span> <span class='ocrx_word' id='word_1_196' title='bbox 453 3903 552 3960; x_wconf 84' lang='lat' dir='ltr'><strong>Codex</strong></span> <span class='ocrx_word' id='word_1_197' title='bbox 568 3903 728 3970; x_wconf 85' lang='lat' dir='ltr'><strong>Bobiensis,</strong></span> <span class='ocrx_word' id='word_1_198' title='bbox 739 3913 799 3962; x_wconf 82' lang='lat' dir='ltr'><strong>tam</strong></span> <span class='ocrx_word' id='word_1_199' title='bbox 812 3905 868 3969; x_wconf 89' lang='lat' dir='ltr'><strong>hic,</strong></span> <span class='ocrx_word' id='word_1_200' title='bbox 881 3923 965 3980; x_wconf 89' lang='lat' dir='ltr'><strong>qnam</strong></span> <span class='ocrx_word' id='word_1_201' title='bbox 980 3903 1063 3972; x_wconf 84' lang='lat' dir='ltr'><strong>infru,</strong></span> <span class='ocrx_word' id='word_1_202' title='bbox 1076 3904 1212 3962; x_wconf 73' lang='lat' dir='ltr'><strong>Dominus</strong></span> <span class='ocrx_word' id='word_1_203' title='bbox 1221 3912 1322 3960; x_wconf 81' lang='lat' dir='ltr'><strong>noster.</strong></span> <span class='ocrx_word' id='word_1_204' title='bbox 1345 3901 1429 3968; x_wconf 87' lang='lat' dir='ltr'><strong>Mox,</strong></span> 
     </span>
     <span class='ocr_line' id='line_1_29' title="bbox 380 4000 526 4058; baseline 0 -2"><span class='ocrx_word' id='word_1_205' title='bbox 380 4000 526 4058; x_wconf 78' lang='lat' dir='ltr'><strong>saturavit.</strong></span> 
     </span>
    </p>

    <p class='ocr_par' dir='ltr' id='par_1_6' title="bbox 379 4096 1428 4272">
     <span class='ocr_line' id='line_1_30' title="bbox 419 4096 1428 4175; baseline 0 -21"><span class='ocrx_word' id='word_1_206' title='bbox 419 4096 427 4139; x_wconf 93' lang='lat'><strong>¹</strong></span> <span class='ocrx_word' id='word_1_207' title='bbox 451 4098 540 4164; x_wconf 89' lang='lat' dir='ltr'><strong>Idem,</strong></span> <span class='ocrx_word' id='word_1_208' title='bbox 555 4100 711 4156; x_wconf 75' lang='lat' dir='ltr'><strong>musculum.</strong></span> <span class='ocrx_word' id='word_1_209' title='bbox 744 4100 824 4165; x_wconf 89' lang='lat' dir='ltr'><strong>Mox,</strong></span> <span class='ocrx_word' id='word_1_210' title='bbox 840 4118 896 4175; x_wconf 86' lang='lat' dir='ltr'><strong>pro</strong></span> <span class='ocrx_word' id='word_1_211' title='bbox 905 4098 1016 4175; x_wconf 71' lang='lat' dir='ltr'><strong>populo.</strong></span> <span class='ocrx_word' id='word_1_212' title='bbox 1052 4098 1139 4167; x_wconf 78' lang='lat' dir='ltr'><strong>Infra,</strong></span> <span class='ocrx_word' id='word_1_213' title='bbox 1155 4097 1317 4163; x_wconf 77' lang='lat' dir='ltr'><strong>Phoriaoeir,</strong></span> <span class='ocrx_word' id='word_1_214' title='bbox 1333 4097 1428 4155; x_wconf 79' lang='lat' dir='ltr'><strong>Pater.</strong></span> 
     </span>
     <span class='ocr_line' id='line_1_31' title="bbox 379 4196 669 4272; baseline 0.003 -20"><span class='ocrx_word' id='word_1_215' title='bbox 379 4196 462 4260; x_wconf 87' lang='lat' dir='ltr'><strong>Mox,</strong></span> <span class='ocrx_word' id='word_1_216' title='bbox 477 4197 669 4272; x_wconf 78' lang='lat' dir='ltr'><strong>quidsooiunt.</strong></span> 
     </span>
    </p>

    <p class='ocr_par' dir='ltr' id='par_1_7' title="bbox 419 4293 916 4370">
     <span class='ocr_line' id='line_1_32' title="bbox 419 4293 916 4370; baseline -0.002 -20"><span class='ocrx_word' id='word_1_217' title='bbox 419 4304 443 4335; x_wconf 79' lang='lat'><strong>¹¹¹</strong></span> <span class='ocrx_word' id='word_1_218' title='bbox 458 4293 558 4350; x_wconf 88' lang='lat' dir='ltr'><strong>Codex</strong></span> <span class='ocrx_word' id='word_1_219' title='bbox 573 4293 733 4359; x_wconf 83' lang='lat' dir='ltr'><strong>Bobiensis,</strong></span> <span class='ocrx_word' id='word_1_220' title='bbox 749 4295 777 4350; x_wconf 81' lang='lat' dir='ltr'><strong>in</strong></span> <span class='ocrx_word' id='word_1_221' title='bbox 789 4294 916 4370; x_wconf 79' lang='lat' dir='ltr'><strong>yloriom.</strong></span> 
     </span>
    </p>
   </div>
   <div class='ocr_carea' id='block_1_4' title="bbox 379 4449 1425 4800">
    <p class='ocr_par' dir='ltr' id='par_1_8' title="bbox 379 4449 1425 4720">
     <span class='ocr_line' id='line_1_33' title="bbox 421 4449 1425 4523; baseline 0.001 -17"><span class='ocrx_word' id='word_1_222' title='bbox 421 4450 516 4507; x_wconf 80' lang='lat' dir='ltr'><strong>&#39;Met</strong></span> <span class='ocrx_word' id='word_1_223' title='bbox 531 4451 560 4506; x_wconf 90' lang='lat' dir='ltr'><strong>ii.</strong></span> <span class='ocrx_word' id='word_1_224' title='bbox 576 4469 623 4523; x_wconf 87' lang='lat'><strong>13.</strong></span> <span class='ocrx_word' id='word_1_225' title='bbox 707 4452 822 4508; x_wconf 82' lang='lat' dir='ltr'><strong>&#39;Exod</strong></span> <span class='ocrx_word' id='word_1_226' title='bbox 839 4452 896 4508; x_wconf 83' lang='lat' dir='ltr'><strong>xiv.</strong></span> <span class='ocrx_word' id='word_1_227' title='bbox 982 4449 1098 4508; x_wconf 76' lang='grc' dir='ltr'>Ἐκοά.</span> <span class='ocrx_word' id='word_1_228' title='bbox 1114 4450 1170 4507; x_wconf 87' lang='lat' dir='ltr'><strong>xvi.</strong></span> <span class='ocrx_word' id='word_1_229' title='bbox 1253 4459 1262 4487; x_wconf 91' lang='lat'><strong>⁴</strong></span> <span class='ocrx_word' id='word_1_230' title='bbox 1278 4449 1351 4507; x_wconf 83' lang='lat' dir='ltr'><strong>Mat.</strong></span> <span class='ocrx_word' id='word_1_231' title='bbox 1368 4450 1425 4507; x_wconf 84' lang='lat' dir='ltr'><strong>xiv.</strong></span> 
     </span>
     <span class='ocr_line' id='line_1_34' title="bbox 380 4545 1425 4605; baseline 0.001 -3"><span class='ocrx_word' id='word_1_232' title='bbox 380 4551 388 4582; x_wconf 83' lang='lat'>⁵</span> <span class='ocrx_word' id='word_1_233' title='bbox 403 4545 495 4603; x_wconf 82' lang='lat' dir='ltr'><strong>Exod.</strong></span> <span class='ocrx_word' id='word_1_234' title='bbox 512 4547 608 4604; x_wconf 84' lang='lat' dir='ltr'><strong>xxxiv.</strong></span> <span class='ocrx_word' id='word_1_235' title='bbox 679 4545 775 4605; x_wconf 73' lang='lat' dir='ltr'><strong>⁶Met.</strong></span> <span class='ocrx_word' id='word_1_236' title='bbox 789 4549 828 4605; x_wconf 87' lang='lat' dir='ltr'><strong>iv.</strong></span> <span class='ocrx_word' id='word_1_237' title='bbox 844 4568 872 4604; x_wconf 88' lang='lat'><strong>2.</strong></span> <span class='ocrx_word' id='word_1_238' title='bbox 957 4554 965 4585; x_wconf 89' lang='lat'>⁷</span> <span class='ocrx_word' id='word_1_239' title='bbox 980 4547 1074 4604; x_wconf 86' lang='lat' dir='ltr'><strong>Exod.</strong></span> <span class='ocrx_word' id='word_1_240' title='bbox 1089 4548 1139 4604; x_wconf 87' lang='lat' dir='ltr'><strong>xii.</strong></span> <span class='ocrx_word' id='word_1_241' title='bbox 1222 4547 1320 4604; x_wconf 74' lang='lat' dir='ltr'><strong>&#39;Mat</strong></span> <span class='ocrx_word' id='word_1_242' title='bbox 1333 4548 1363 4603; x_wconf 90' lang='lat' dir='ltr'><strong>ii.</strong></span> <span class='ocrx_word' id='word_1_243' title='bbox 1380 4545 1425 4603; x_wconf 80' lang='lat'><strong>16.</strong></span> 
     </span>
     <span class='ocr_line' id='line_1_35' title="bbox 379 4641 1220 4720; baseline 0.001 -22"><span class='ocrx_word' id='word_1_244' title='bbox 379 4649 389 4678; x_wconf 83' lang='lat'><strong>⁹</strong></span> <span class='ocrx_word' id='word_1_245' title='bbox 403 4641 495 4701; x_wconf 88' lang='lat' dir='ltr'><strong>Exod.</strong></span> <span class='ocrx_word' id='word_1_246' title='bbox 511 4643 567 4700; x_wconf 83' lang='lat' dir='ltr'><strong>viii.</strong></span> <span class='ocrx_word' id='word_1_247' title='bbox 590 4644 660 4700; x_wconf 82' lang='lat' dir='ltr'><strong>Luc.</strong></span> <span class='ocrx_word' id='word_1_248' title='bbox 675 4645 755 4701; x_wconf 84' lang='lat' dir='ltr'><strong>xxiii.</strong></span> <span class='ocrx_word' id='word_1_249' title='bbox 767 4662 818 4719; x_wconf 81' lang='lat'><strong>34.</strong></span> <span class='ocrx_word' id='word_1_250' title='bbox 927 4652 935 4675; x_wconf 93' lang='lat'>¹</span> <span class='ocrx_word' id='word_1_251' title='bbox 951 4645 1044 4702; x_wconf 85' lang='lat' dir='ltr'><strong>Exod.</strong></span> <span class='ocrx_word' id='word_1_252' title='bbox 1060 4645 1157 4702; x_wconf 84' lang='lat' dir='ltr'><strong>xxxiv.</strong></span> <span class='ocrx_word' id='word_1_253' title='bbox 1171 4657 1220 4720; x_wconf 84' lang='lat'><strong>35.</strong></span> 
     </span>
    </p>

    <p class='ocr_par' dir='ltr' id='par_1_9' title="bbox 422 4759 903 4800">
     <span class='ocr_line' id='line_1_36' title="bbox 422 4759 903 4800; baseline 0.008 -4"><span class='ocrx_word' id='word_1_254' title='bbox 422 4759 488 4800; x_wconf 75' lang='lat' dir='ltr'><strong>von.</strong></span> <span class='ocrx_word' id='word_1_255' title='bbox 506 4759 536 4799; x_wconf 79' lang='lat' dir='ltr'><strong>v.</strong></span> <span class='ocrx_word' id='word_1_256' title='bbox 883 4761 903 4800; x_wconf 73' lang='lat' dir='ltr'><strong>r</strong></span> 
     </span>
    </p>
   </div>
   <div class='ocr_carea' id='block_1_5' title="bbox 0 0 1919 5692">
    <p class='ocr_par' dir='ltr' id='par_1_10' title="bbox 0 0 1919 5692">
     <span class='ocr_line' id='line_1_37' title="bbox 0 0 1919 5692; baseline 0 0"><span class='ocrx_word' id='word_1_257' title='bbox 0 0 1919 5692; x_wconf 95' lang='lat' dir='ltr'><strong> </strong></span> 
     </span>
    </p>
   </div>
  </div>
 </body>
</html>
