3817 5692
520 709 584 770 182
743 708 996 773 ARCHELAI
1029 711 1092 772 ET
1126 712 1344 773 MANETIS

521 891 724 971 poteramus
747 893 784 953 et
807 906 870 953 nos
897 883 1010 954 multo
1029 882 1164 954 facilius
1187 893 1224 953 et
1248 883 1378 954 lautius
1403 886 1471 953 ista
1488 906 1565 952 nar·
1688 888 1691 893 '

521 999 625 1068 rare?
652 1000 713 1068 sed
730 1000 822 1069 absit
841 1008 880 1068 ut
897 1023 919 1068 a
936 1001 1084 1069 veritate
1108 999 1325 1068 declinemus
1351 1000 1424 1068 iota
1444 1022 1563 1079 unum,

520 1123 717 1183 autunum
744 1116 891 1205 apicem.
944 1114 1010 1184 Est
1037 1116 1131 1183 eninr
1159 1117 1220 1205 qui
1244 1116 1289 1184 dc
1320 1114 1437 1185 Maria
1462 1124 1566 1184 natus

521 1238 576 1299 est
598 1228 719 1311 Filius,
737 1231 796 1321 qui
821 1240 937 1299 totum
962 1230 1039 1312 hoc,
1058 1224 1155 1322 bquo
1181 1252 1348 1323 magnum
1367 1239 1433 1312 ast,
1452 1231 1565 1300 voluit

521 1344 675 1435 perferre
692 1356 870 1415 certamen
887 1344 1003 1415 Jesus.
1057 1345 1128 1415 Hic
1154 1355 1209 1415 est
1226 1346 1387 1415 Christus
1408 1345 1487 1422 Dei,
1505 1347 1564 1437 qui

523 1461 705 1529 descendit
730 1482 834 1552 super
863 1484 958 1543 eum,
984 1462 1043 1551 qui
1073 1462 1118 1530 de
1141 1460 1259 1530 Maria
1288 1470 1352 1531 est.
1404 1460 1508 1543 Quod
1537 1463 1566 1530 si

523 1597 594 1644 non
618 1576 730 1646 credis
756 1599 870 1667 neque
891 1577 980 1659 voci,
997 1599 1074 1667 quae
1098 1576 1232 1646 caelitus
1256 1575 1351 1645 facta
1372 1584 1435 1656 est,
1453 1584 1566 1645 teme-

523 1692 652 1760 rarium
679 1692 821 1784 aliquod
852 1694 926 1784 ipse
954 1692 1128 1784 producis,
1154 1701 1201 1774 et,
1231 1693 1260 1761 si
1291 1692 1431 1774 dixeris,
1461 1715 1566 1760 nemo

524 1807 656 1876 credet.
708 1805 838 1877 Statim
861 1808 957 1877 enim
983 1808 1020 1876 in
1043 1807 1221 1877 desertum
1244 1831 1266 1877 a
1286 1806 1422 1899 Spiritu
1439 1809 1567 1878 ductus

523 1929 578 1989 est
594 1917 709 2002 Jesus,
728 1928 784 1989 'ut
807 1929 1004 1991 tentaretur
1025 1944 1046 1990 a
1065 1921 1227 2003 Diabolo‚
1246 1945 1352 2013 quem
1375 1945 1456 1993 cum
1482 1922 1568 1991 Dia-

524 2034 625 2106 bolus
651 2036 836 2128 ignoraret,
854 2036 996 2105 dicebat
1012 2037 1055 2117 ei,
1072 2034 1117 2108 Si
1130 2034 1234 2129 silius
1255 2060 1289 2107 es
1307 2035 1388 2109 Dei.
1440 2037 1567 2131 ⁰Ign0-

524 2150 625 2219 rabat
641 2159 762 2220 autern
781 2159 923 2242 propter
938 2150 1023 2242 quid
1042 2159 1052 2187 ²
1062 2153 1242 2245 genuisset
1260 2152 1390 2222 Filium
1410 2152 1488 2230 Dei,
1506 2155 1567 2245 qui

524 2266 736 2356 praedicabat
753 2289 901 2359 regnum
919 2266 1099 2348 caelorum,
1116 2267 1209 2358 quod
1228 2276 1304 2336 erat
1326 2266 1567 2338 habitaculum

525 2401 705 2472 magnum,
722 2404 788 2450 nec
811 2382 856 2451 ab
877 2380 950 2451 ullo
968 2382 1038 2452 alio
1055 2384 1167 2473 parari
1193 2383 1385 2474 potuisset3
1410 2384 1505 2453 unde
1531 2395 1568 2453 et

525 2495 650 2565 affixus
667 2497 772 2578 cruci,
790 2520 870 2566 cum
894 2498 1142 2569 resurrexisset
1158 2498 1203 2567 ab
1221 2497 1350 2579 inferis,
1368 2506 1568 2590 assumptus

525 2620 579 2680 est
605 2609 699 2692 illuc,
716 2612 775 2681 ubi
798 2611 959 2683 Christus
984 2611 1095 2683 Filius
1122 2611 1191 2682 Dei
1217 2614 1397 2706 regnabat,
1419 2623 1460 2683 ut
1486 2636 1567 2684 cum

519 2726 695 2817 judicium
721 2727 851 2799 habere
877 2731 1034 2821 coepcrit,
1055 2729 1092 2798 hi
1118 2730 1176 2821 qui
1200 2730 1450 2822 ignoraverunt
1475 2752 1569 2808 cum,

525 2842 681 2914 ³videunl
713 2867 810 2937 quem
846 2853 1127 2938 computaverant.
1180 2844 1234 2915 Ut
1271 2855 1392 2915 autem
1426 2844 1570 2927 credas;

527 2982 608 3029 cum
626 2959 797 3051 Discipuli
823 2961 897 3050 ejus
919 2983 982 3051 per
1005 2982 1136 3030 annum
1161 2961 1339 3053 integrum
1365 2970 1569 3030 manserunt

528 3098 609 3146 cum
628 3098 681 3157 eo,
699 3098 807 3166 quare
833 3075 949 3146 nullus
974 3078 1129 3167 ipsorum
1156 3076 1305 3167 procidit
1322 3097 1427 3167 super
1443 3076 1569 3144 faciem

527 3214 637 3272 suam,
655 3192 747 3261 sicut
765 3192 869 3283 paulo
885 3201 969 3262 anto
992 3190 1144 3274 dicebas,
1161 3192 1220 3261 sod
1248 3193 1285 3260 in
1310 3214 1381 3261 una
1397 3191 1483 3261 hora
1499 3190 1570 3272 illa,

527 3307 667 3397 quaudo
702 3308 794 3376 sicut
827 3306 879 3377 sol
912 3307 1129 3399 resplenduit
1159 3306 1278 3377 vultus
1304 3305 1403 3398 ejus?
1439 3305 1571 3376 Nonne

527 3432 671 3514 propter
688 3422 929 3493 habitaculum
950 3422 1049 3503 illud,
1067 3422 1162 3514 quod
1179 3446 1226 3493 ex
1244 3422 1361 3492 Maria
1381 3422 1496 3492 fuerat
1521 3422 1572 3491 ef-

528 3538 687 3607 fectum?
719 3536 822 3608 Sicut
851 3538 945 3608 enirn
977 3536 1143 3608 Paracliti
1171 3538 1309 3629 pondus
1335 3538 1454 3608 nullus
1483 3539 1572 3608 alius

529 3652 642 3722 valuit
660 3655 840 3735 sustinere,
855 3655 920 3723 nisi
939 3652 1004 3723 soli
1024 3653 1209 3744 Discipuli,
1224 3662 1261 3723 et
1279 3653 1412 3723 Paulus
1429 3654 1575 3735 beatus3

529 3770 579 3837 ita
610 3770 718 3838 etiam
748 3758 932 3860 Spiritum,
959 3769 1019 3860 qui
1046 3769 1091 3838 de
1121 3768 1214 3838 calis
1244 3769 1482 3849 descenderat,
1513 3791 1576 3860 per

570 3935 586 3978 b
601 3939 696 4008 Forte,
711 3940 791 4013 quod.
828 3940 879 4012 (Et
892 3938 1045 4013 legendum
1060 3938 1171 3995 videtur
1184 3938 1302 4011 Iesum.)

571 4044 584 4075 ⁰
608 4034 716 4090 Locum
742 4035 817 4091 hunc
841 4044 939 4092 nostra
972 4036 1137 4110 conjectura
1149 4036 1189 4091 ita
1213 4036 1396 4101 correximus,
1423 4045 1455 4092 ut
1477 4036 1576 4109 aliquis

529 4132 596 4189 inde
611 4151 710 4189 sensus
724 4133 889 4203 eliceretur3
911 4153 977 4190 nam
991 4133 1021 4189 in
1037 4133 1201 4190 Casinensis
1215 4134 1320 4191 codicis
1336 4134 1457 4190 lectione
1472 4152 1577 4207 magna

530 4229 687 4285 obscuritas
701 4247 737 4284 ex
750 4227 856 4285 librarii
869 4230 1011 4286 erroribus
1032 4239 1150 4295 exorts;
1173 4231 1213 4286 sic
1234 4231 1309 4287 enim
1330 4249 1360 4286 se
1382 4230 1476 4296 habet,
1492 4231 1574 4304 Ipno-

531 4325 610 4381 robat
631 4334 720 4381 sotem
736 4335 850 4401 propter
872 4328 917 4401 pai
937 4328 1073 4400 pensiore!
1087 4328 1179 4401 filium
1199 4328 1254 4384 Des¹
1272 4326 1440 4404 praedicabat
1465 4346 1576 4401 reprom

530 4423 663 4488 celorum,
679 4424 724 4497 qui
738 4432 806 4488 erat,
822 4429 868 4484 dc.

613 4548 620 4571 ¹
636 4543 708 4600 Mat.
723 4544 760 4598 iv.
776 4562 799 4599 r.
882 4550 889 4573 ²
908 4545 989 4617 [For.
1004 4544 1166 4621 legendum,
1182 4547 1295 4621 genitus
1307 4555 1381 4602 esset
1397 4544 1506 4615 Filius]

930 4642 1038 4698 'Joan
1053 4642 1113 4699 xix.
1128 4658 1177 4715 37.
