3817 5692
643 688 886 752 RESPONSA
909 688 977 750 AD
1000 688 1264 751 EPISCOPOS.
1407 687 1472 753 259

428 867 557 942 torum,
574 861 602 929 si
625 860 851 951 baptizantur
875 862 1006 929 iterum
1032 860 1184 951 perversi
1210 868 1248 927 et
1273 857 1392 938 invidi,
1411 857 1470 947 qni

428 998 508 1044 cum
527 974 654 1045 saeculo
673 974 787 1044 verbis
804 985 841 1044 at
863 997 934 1044 non
951 975 1053 1043 factis
1070 974 1323 1052 renuntiarent,
1341 970 1472 1061 baptis-

428 1112 527 1158 mum
555 1089 697 1180 quidem
725 1090 884 1180 accipere
911 1096 1115 1181 potuerunt,
1140 1089 1202 1158 sed
1232 1086 1472 1156 remissionem

427 1211 654 1295 peccatorum
688 1227 758 1273 non
789 1204 1030 1284 obtinuerunt,
1061 1203 1202 1272 dicente
1237 1199 1401 1281 Domine,
1433 1197 1470 1267 Si
1481 1207 1612 1257 nanu.

427 1337 499 1383 non
517 1315 728 1398 dimiseritis,
746 1339 860 1406 neque
879 1314 986 1384 Pater
1002 1324 1118 1384 vester
1136 1313 1295 1383 dimittet
1313 1310 1421 1382 vobis.
1482 1283 1520 1335 ¹⁵'

477 1432 627 1503 Jambus
653 1457 674 1502 a
700 1433 971 1503 Germaniciana
995 1433 1106 1502 dixit:
1136 1431 1207 1521 Qui
1235 1428 1579 1500 tereticaamcna

428 1545 630 1641 baptismam
644 1546 802 1641 probant,
820 1556 974 1619 nostram
996 1545 1189 1641 improbant
1199 1570 1210 1625 ;
1236 1555 1274 1616 at
1290 1552 1389 1615 cartre
1405 1543 1475 1615 Ea·

429 1659 577 1744 alesiam,
607 1684 676 1731 aon
707 1660 821 1733 dicam
850 1660 945 1744 lotos,
972 1660 1033 1732 sed
1059 1658 1263 1743 sordidatos,
1289 1668 1408 1755 nepent
1438 1659 1476 1727 ic

429 1772 586 1845 Ecclesia
602 1772 775 1868 baptizari
791 1783 955 1869 oportere.

481 1889 577 1959 Huic
604 1890 844 1981 respondetur,
871 1891 1048 1960 neminem
1075 1888 1236 1959 nostnim
1261 1888 1476 1981 baptismum

430 2003 677 2074 haereticorum
703 2005 862 2097 probare,
885 2005 946 2075 sed
965 2004 1108 2085 Christi,
1125 2005 1284 2096 quamvis
1309 2005 1346 2073 in
1372 2003 1479 2072 haere-

430 2121 509 2190 ticis
530 2120 628 2191 velut
657 2120 765 2211 paleis
792 2122 1037 2201 exterioribus,
1061 2121 1153 2190 sicut
1182 2121 1218 2189 in
1246 2118 1324 2189 aliis
1350 2119 1479 2209 iniquis

430 2235 528 2305 velut
555 2236 666 2327 paleis
691 2236 925 2306 interioribus.
978 2236 1073 2305 Nam
1101 2235 1129 2304 si
1156 2242 1259 2305 extra
1283 2234 1479 2304 Ecclesiam

431 2353 490 2441 qui
509 2350 744 2442 baptizantur,
763 2374 834 2421 non
856 2352 1028 2431 lavantur,
1046 2350 1107 2419 sad
1133 2349 1375 2431 sordidantnr3
1401 2370 1481 2439 pro·

433 2463 526 2533 fecto
552 2474 654 2534 extra
680 2472 830 2554 petram,
856 2465 893 2532 in
922 2487 991 2554 qua
1018 2464 1211 2533 aedificatnr
1234 2463 1402 2544 Ecclesia,
1421 2463 1480 2554 qui

432 2579 666 2670 baptizantur,
685 2600 756 2646 non
782 2578 956 2660 lavantur,
974 2578 1035 2647 sed
1062 2576 1295 2648 sordidantur.
1346 2575 1482 2647 Omnes

432 2703 552 2764 autem
571 2702 672 2762 extra
690 2691 851 2761 eamdem
870 2701 1009 2783 petram
1027 2701 1120 2773 sunt,
1134 2692 1195 2783 qui
1213 2691 1362 2760 audiunt
1376 2690 1483 2760 verba

434 2807 564 2878 Christi
591 2817 628 2877 et
658 2829 730 2875 non
755 2807 901 2876 faciunt.
953 2806 1032 2876 Aut
1059 2808 1086 2877 si
1116 2806 1291 2898 baptismo
1321 2804 1484 2874 lavantur

434 2923 589 3014 quidem,
607 2922 668 2990 sed
694 2922 731 2989 in
757 2920 1004 3012 iniquitatibus
1033 2921 1116 3002 anie,
1142 2943 1164 2989 a
1191 2919 1318 3010 quibus
1346 2919 1382 2988 in
1410 2942 1484 2989 me-

435 3036 502 3107 lius
524 3038 655 3106 mutari
673 3035 873 3117 noluerunt,
892 3035 1023 3106 sordidi
1046 3042 1251 3105 remanent:
1278 3035 1327 3103 sic
1353 3043 1390 3103 et
1415 3034 1486 3103 hae-

436 3152 548 3222 retici.

487 3266 663 3336 Lucianus
689 3289 711 3336 a
734 3266 899 3337 Rucuma
923 3266 1035 3337 dixit:
1062 3262 1239 3358 Scriptum
1258 3271 1315 3347 est,
1331 3262 1382 3333 Et
1399 3262 1559 3335 oiditcn.
1573 3294 1596 3345 7·

435 3379 532 3451 Deae
561 3379 667 3452 lacem
695 3381 777 3475 qaia
806 3379 1035 3467 darnestal
1063 3379 1183 3451 divisit
1212 3380 1303 3449 inter
1319 3376 1426 3450 lacem
1456 3367 1621 3449 domna

436 3493 597 3566 tenebras.
648 3493 693 3567 Si
717 3503 828 3589 potest
853 3495 923 3566 laci
948 3502 980 3565 et
1005 3493 1150 3565 tenebris
1175 3493 1488 3586 conveniremini

435 3609 532 3681 nobis
556 3619 588 3682 et
612 3607 783 3681 hereticis
808 3608 945 3704 aliquid
966 3633 1035 3681 ease
1060 3633 1244 3681 commane.
1296 3607 1488 3702 Propterea

437 3748 553 3796 censeo
570 3723 748 3796 hereticos
765 3723 990 3820 baptizandos
1007 3748 1087 3795 esse.

488 3839 586 3909 Huic
602 3842 854 3930 respondetur:
882 3841 921 3909 Si
944 3849 1062 3931 potest
1085 3837 1155 3908 luci
1178 3847 1217 3907 et
1234 3839 1389 3908 tenebris
1406 3861 1490 3908 con-

330 3996 336 4004 ·
438 3955 568 4033 venire,
580 3963 698 4044 potest
708 3955 815 4044 justis
832 3966 870 4023 et
887 3954 1026 4046 injustis
1043 3953 1175 4043 aliquid
1194 3975 1270 4023 essa
1288 3976 1488 4023 commune.

439 4068 593 4138 Censeat
619 4090 702 4160 ergo
728 4066 807 4137 illos
833 4069 983 4157 injustos
1009 4068 1125 4136 denuo
1149 4067 1329 4159 baptizari,
1348 4091 1436 4159 quos
1452 4069 1490 4137 in

438 4184 515 4274 ipsa
540 4181 699 4251 Ecclesia
724 4178 919 4274 Cyprianus
944 4182 1136 4274 arguebat:
1163 4191 1224 4251 aut
1251 4183 1279 4252 si
1306 4203 1376 4251 non
1407 4189 1488 4251 sunt

439 4296 562 4388 injusti
593 4299 653 4386 qui
684 4296 812 4367 saculo
837 4297 953 4367 verbis
979 4304 1016 4367 et
1043 4318 1114 4365 non
1143 4296 1246 4365 factis
1274 4295 1492 4377 renuntiant,

441 4411 553 4482 'dicat
571 4415 630 4504 qui
649 4422 778 4505 potest.

643 4606 652 4630 ¹
671 4600 917 4672 [Subaudiendum
930 4600 1052 4665 videtur,
1068 4599 1180 4673 quinam
1197 4597 1281 4669 sint]

925 4694 968 4756 nl
985 4712 1003 4757 2
