3817 5692
427 710 490 776 146
653 712 907 775 ARCHELAI
932 711 997 773 ΕΤ
1022 710 1242 773 MANETIS

425 908 572 978 regnum
591 884 754 955 caelorum
781 885 993 976 praedicare3
1020 880 1119 953 ‘uam
1143 894 1181 952 et
1206 905 1268 973 per
1293 882 1474 951 abscissio-

425 1023 507 1069 nem
525 1001 650 1091 capitis
673 1001 748 1091 ejus
774 999 841 1068 hoc
865 1022 940 1068 essa
966 1000 1172 1078 indicatum,
1191 998 1284 1089 quod
1309 996 1472 1065 omnibus
1534 1031 1537 1036 ·

425 1115 599 1207 prioribus
633 1125 671 1185 et
700 1114 936 1205 superioribus
967 1115 1041 1205 ejus
1075 1114 1244 1195 abscissis,
1280 1114 1473 1205 posteriora

426 1231 500 1302 sola
517 1231 687 1300 servanda
709 1232 789 1300 sint.
840 1228 901 1300 Ad
927 1229 1002 1299 haec
1027 1230 1137 1322 igitur
1161 1229 1271 1310 nobis,
1290 1252 1312 1297 o
1334 1227 1473 1319 religio-

426 1347 561 1416 sissime
584 1344 770 1425 Archelao,
796 1346 916 1436 paucis
938 1345 1110 1427 rescribe;
1136 1346 1253 1414 audivi
1280 1345 1374 1414 enim
1400 1365 1472 1412 nou

426 1461 650 1530 mediocriter
675 1461 740 1530 tibi
767 1480 843 1529 essa
867 1461 903 1528 in
926 1458 1055 1529 talibus
1079 1461 1258 1541 studium;
1283 1460 1352 1529 Dei
1377 1458 1472 1527 enim

426 1572 559 1642 donum
583 1583 649 1652 est,
665 1575 795 1644 idcirco
812 1574 905 1664 quod
933 1574 1057 1665 dignis,
1079 1582 1118 1643 et
1140 1574 1262 1643 amicis
1288 1574 1369 1653 suis,
1391 1572 1474 1640 sibi-

425 1710 496 1779 que
521 1688 690 1781 propositi
716 1690 887 1759 societate
913 1689 1120 1778 conjunctis,
1139 1688 1237 1758 Deus
1263 1688 1371 1757 donat
1397 1687 1471 1755 haec

425 1825 583 1874 munera.
619 1804 790 1874 Nostrum
809 1805 903 1875 enim
922 1814 975 1873 est
994 1805 1223 1895 propositum,
1241 1814 1260 1862 ⁸
1270 1823 1471 1894 preparare,

426 1927 464 1987 et
492 1920 670 2010 proximos
695 1919 770 1988 fieri
801 1920 963 2012 benignae
988 1942 1029 1988 ac
1054 1919 1155 1988 diviti
1179 1919 1301 1999 menti,
1328 1927 1366 1986 et
1389 1938 1472 1986 con-

425 2033 526 2101 tinuo
548 2033 595 2103 ab
617 2056 659 2103 ca
677 2033 871 2126 largissima
892 2057 1040 2103 munera
1065 2036 1322 2124 consequimur.
1374 2032 1472 2115 Quo-

425 2149 520 2217 niam
537 2171 622 2240 ergo
639 2148 675 2216 iu
694 2148 735 2219 iis
755 2157 838 2217 voto
856 2158 893 2218 et
910 2150 1089 2240 proposito
1108 2171 1188 2217 meo
1206 2150 1374 2217 sermonis
1401 2170 1470 2217 non

425 2263 554 2333 sufficit
571 2264 723 2333 eruditio
742 2262 902 2352 (idiotam
923 2267 1018 2334 enim
1044 2288 1101 2334 ma
1122 2287 1198 2334 esse
1224 2264 1407 2351 confiteor)
1426 2263 1470 2334 ad

425 2401 463 2448 te
485 2378 575 2459 misi,
601 2380 693 2447 sicut
716 2378 839 2469 sapius
867 2380 950 2462 dixi,
976 2380 1176 2470 quaestionis
1201 2379 1304 2471 hujus
1327 2380 1472 2449 solutio-

425 2515 508 2562 nem
534 2493 772 2584 plenissimam
798 2501 1014 2585 recepturus.
1067 2495 1259 2565 Incolumis
1281 2496 1367 2563 mibi
1384 2504 1470 2575 esto,

427 2606 535 2678 Pater
552 2608 842 2699 incomparabilis,
861 2618 898 2678 et
916 2607 1139 2678 honorabilis.

474 2721 579 2794 XLI.
605 2721 765 2814 Accepta
790 2723 856 2793 bac
881 2723 1032 2814 epistola
1057 2722 1251 2793 Archelaus
1278 2723 1471 2793 admiratus

425 2845 480 2907 est
505 2838 657 2907 hominis
682 2838 885 2921 audaciam3
912 2840 973 2908 sed
999 2840 1141 2908 interim
1170 2838 1317 2908 Diodori
1342 2838 1472 2931 allega-

424 2953 580 3022 tionibus
605 2963 647 3022 ut
672 2975 727 3022 res
752 2954 923 3023 suadebat
946 2953 1099 3023 celerem
1130 2954 1229 3023 'dara
1254 2976 1470 3045 responsum,

425 3064 593 3134 continuo
611 3066 749 3156 scripsit
765 3067 832 3136 boc
851 3069 968 3138 modo.

472 3256 807 3336 hARCHELAUS
840 3264 1064 3338 DIODORO
1096 3264 1425 3339 PRESBYTERO

709 3377 842 3448 FlLlO
876 3378 1193 3452 HONOR-ABILl

867 3477 1032 3554 Salutem.

474 3600 657 3673 AccuPTIs
674 3602 786 3673 literis
803 3605 882 3686 tuis,
902 3605 1005 3675 valde
1029 3607 1169 3698 gavisus
1194 3630 1284 3691 sum,
1305 3608 1473 3678 Dilectis-

424 3718 522 3787 simo.
575 3716 734 3811 Cognovi
763 3728 896 3805 autem,
922 3721 1017 3812 quod
1042 3723 1094 3790 vir
1118 3722 1195 3804 iste,
1218 3724 1277 3814 qui
1300 3733 1383 3793 ante
1408 3724 1472 3794 hos

467 3879 476 3916 f
497 3880 532 3936 ln
547 3880 704 3946 Casineusi,
719 3900 781 3937 nam
795 3891 822 3938 et
835 3883 1033 3948 abscissionem,
1049 3884 1162 3948 omissa,
1178 3894 1208 3941 ut
1229 3893 1317 3959 patet,
1335 3887 1469 3961 praeposi·

424 3979 502 4035 tione
512 3998 573 4053 per.
618 3978 676 4036 Sed
690 3989 718 4036 et
731 3979 789 4055 legi
803 3990 908 4056 potest,
923 3982 1096 4039 adoratione.

466 4074 531 4130 &ln
547 4073 695 4131 Casinensi
710 4076 806 4133 codice
820 4078 933 4152 legitur,
944 4088 1109 4153 prepararet
1118 4081 1265 4155 proc-imus
1271 4080 1340 4154 fieri
1353 4081 1471 4156 deniqne

425 4168 476 4225 dcc
495 4171 575 4226 diviti
596 4172 686 4226 menti.
729 4173 767 4229 Et
787 4172 870 4238 iufra.
892 4174 1012 4230 Idiotam
1034 4194 1075 4230 me
1092 4194 1150 4231 esse
1170 4177 1306 4249 confiteor.
1348 4176 1406 4234 Sed
1431 4179 1471 4234 ita

425 4265 632 4323 emendandum
658 4286 729 4331 ease,
755 4269 795 4324 uti
824 4269 930 4326 editum
959 4279 1012 4338 est,
1038 4290 1134 4335 nemo,
1154 4280 1185 4327 ut
1207 4272 1337 4335 arbitror,
1362 4274 1471 4330 inficias

424 4360 516 4419 iverit.
554 4363 632 4434 (For.
648 4366 841 4438 reponendum
857 4374 1108 4441 est-preparare
1116 4371 1258 4442 prosimos
1271 4370 1339 4442 fieri
1356 4370 1472 4445 benique

424 4474 458 4512 ac
470 4458 550 4514 diviti
562 4460 653 4522 menti,
668 4468 695 4515 et
708 4461 1126 4536 contineo—consequemur.)

466 4550 482 4593 ¹¹
505 4554 588 4611 Hanc
602 4556 733 4613 Archelai
746 4558 905 4630 epistolam,
921 4577 987 4615 cum
1004 4560 1239 4634 subsequentibus
1261 4562 1403 4618 nonnullis
1424 4582 1470 4620 us·

841 4660 849 4683 ¹
867 4654 946 4726 [For.
964 4656 1056 4727 duna]
