3817 5692
643 709 706 771 DE
731 710 1115 774 REBAPTISlllATE
1140 713 1295 777 LIBER.
1425 714 1486 778 311

443 884 632 955 sceleribus
666 887 737 956 suis
772 888 937 970 convicti,
973 888 1098 957 ¹etiarn
1132 888 1219 981 ipso,
1252 897 1316 958 aut
1349 912 1490 981 prorsus

442 1003 548 1071 etiam
568 1007 888 1076 communicatione
906 1006 1110 1097 privantur?
1150 1004 1225 1075 Aut
1247 1008 1330 1097 quid
1354 1015 1490 1077 statues

442 1120 486 1188 de
504 1120 631 1211 eisqui
650 1122 884 1214 abepiscopis
907 1145 1014 1214 prave
1037 1122 1270 1193 sentientibus
1293 1132 1356 1193 aut
1378 1124 1490 1215 impe-

441 1235 619 1306 ritioribus
636 1236 767 1306 fuerint
785 1237 979 1330 baptizati?
1005 1239 1146 1329 quando
1165 1260 1235 1307 non
1251 1238 1296 1309 ad
1314 1238 1487 1330 liquidum

441 1359 479 1418 et
504 1352 651 1443 integre,
671 1353 726 1422 vel
753 1354 860 1423 etiam
886 1352 990 1424 aliter
1016 1376 1123 1444 quam
1150 1364 1300 1445 oportet,
1322 1357 1359 1424 in
1380 1356 1489 1426 tradi-

442 1467 539 1536 tione
556 1470 764 1538 sacramenti
784 1469 915 1538 fuerint
933 1470 1064 1550 locuti:
1091 1480 1187 1539 certe
1207 1480 1269 1540 aut
1293 1472 1488 1567 interroga·

442 1584 556 1652 verint
579 1585 676 1675 quid,
694 1594 757 1654 aut
782 1586 1039 1677 interrogantes
1064 1608 1086 1654 a
1111 1586 1402 1677 respondentibus
1427 1612 1488 1658 au·

441 1698 571 1768 dierint
596 1700 689 1791 quod
717 1700 862 1769 minime
889 1701 940 1770 ita
965 1701 1171 1793 interrogari
1197 1710 1260 1770 aut
1284 1704 1485 1793 responderi

440 1814 568 1898 debet;
595 1816 690 1906 quod
707 1824 827 1886 tamen
846 1839 916 1886 non
934 1817 1037 1886 valde
1060 1816 1157 1886 illam
1178 1827 1334 1886 nostram
1351 1828 1485 1889 rectam

439 1931 546 2001 fidem
571 1932 683 2014 laedat,
701 1934 761 2002 sed
788 1955 859 2002 non
880 1942 954 2002 tam
978 1942 1102 2003 ornate
1119 1943 1161 2003 ut
1178 1943 1219 2002 tu
1236 1942 1274 2003 et
1291 1936 1485 2025 composite

440 2048 497 2118 isti
515 2072 655 2141 quoque
672 2049 901 2141 simpliciores
917 2050 1079 2120 homines
1095 2050 1300 2143 mysterium
1315 2050 1397 2122 fidei
1416 2061 1485 2122 tra-

438 2164 536 2234 dant.
590 2165 761 2236 Dicturus
787 2190 825 2237 es
854 2166 948 2236 enim
978 2167 1102 2258 utique
1132 2190 1195 2258 pro
1225 2176 1288 2236 tua
1317 2168 1483 2261 singulari

438 2280 632 2373 diligentia,
649 2282 712 2353 hos
738 2306 878 2376 quoque
903 2285 1019 2353 denuo
1046 2283 1274 2375 baptizandos
1297 2306 1382 2365 esse,
1400 2308 1482 2355 cum

437 2396 593 2465 maxime
616 2398 666 2467 eis
688 2420 743 2467 res
766 2399 866 2480 desit,
885 2407 948 2468 aut
968 2399 1097 2479 obstet,
1115 2419 1186 2489 quo
1204 2399 1320 2468 minus
1338 2400 1483 2472 iuviola-

437 2508 508 2579 bile
526 2510 612 2580 illud
632 2511 791 2582 divinum
812 2513 1018 2604 mysterium
1036 2512 1118 2583 lidei
1136 2514 1385 2582 intemeratum
1405 2537 1481 2605 pos-

436 2624 507 2694 sint
524 2626 693 2717 accipere.
731 2626 801 2698 Sed
821 2629 929 2710 enirn,
947 2629 1116 2697 'virorum
1137 2629 1281 2720 optime,
1295 2627 1482 2698 reddamus

436 2749 474 2808 et
500 2743 747 2832 permittamus
774 2744 963 2813 virtutibus
990 2742 1193 2813 coelestibus
1219 2744 1309 2813 vires
1334 2765 1422 2824 suas,
1445 2752 1482 2813 ct

436 2856 631 2948 dignationi
650 2857 776 2928 divinae
797 2859 993 2951 majestatis
1009 2860 1244 2929 concedamus
1262 2860 1483 2951 operationes

435 2974 600 3064 proprias,
618 2984 656 3043 et
682 2975 922 3067 intelligentes
949 2974 1181 3066 quantumin
1208 2998 1251 3044 ea
1275 2973 1322 3045 sit
1347 2974 1483 3043 emolu-

434 3098 606 3170 mentum,
634 3088 787 3159 libenter
816 3090 849 3159 ei
878 3091 1156 3181 adquiescamus.
1209 3090 1258 3160 Et
1287 3093 1368 3161 ideo
1398 3114 1479 3161 curn

434 3204 527 3275 salus
550 3215 669 3276 nostra
685 3206 722 3274 in
745 3205 958 3297 baptismate
976 3204 1140 3298 Spiritus,
1157 3207 1252 3297 quod
1272 3206 1479 3299 plerumque

433 3342 514 3389 cum
539 3321 750 3413 baptismate
775 3344 874 3414 aquae
897 3324 1107 3414 conjunctus
1129 3333 1194 3406 est,
1211 3324 1258 3393 sit
1274 3323 1477 3405 constituta,

432 3435 461 3505 si
491 3437 636 3527 quidem
670 3461 733 3529 per
767 3460 830 3507 nos
865 3437 1040 3530 baptisma
1074 3438 1242 3520 tradetur,
1273 3438 1410 3531 integre
1440 3448 1477 3508 et

431 3551 637 3623 sollenniter
662 3563 700 3624 et
725 3577 790 3646 per
811 3556 930 3625 omnia
952 3578 1031 3646 quae
1056 3555 1187 3646 scripta
1211 3563 1295 3626 sunt
1318 3556 1478 3648 adsigne-

430 3676 499 3751 tur,
516 3678 625 3761 atque
649 3672 724 3741 sine
747 3670 821 3741 ulla
846 3670 951 3741 ullius
977 3672 1027 3741 rei
1054 3672 1273 3764 separatione
1296 3671 1478 3742 tradatur:

471 3892 579 3946 'etiarn
605 3891 676 3964 ipso,
701 3900 751 3948 aut
776 3911 891 3966 prorsus
915 3892 1001 3948 etiam
1029 3892 1284 3949 communicatione
1312 3892 1472 3970 privantur]

430 3987 524 4043 Etiam
545 3988 617 4063 ipso,
632 3989 739 4046 scilicet
760 3990 892 4054 Domino,
911 3990 1068 4064 privantur.
1091 3989 1155 4062 quia
1174 3990 1219 4047 vel
1239 3990 1316 4047 facto
1337 4010 1389 4047 suo
1409 4010 1476 4066 pes·

429 4084 501 4141 simo
514 4085 669 4142 Dominum
691 4096 807 4161 negant,
828 4096 857 4143 et
877 4087 913 4143 ad
933 4085 1075 4144 Ethnicos
1096 4096 1262 4145 transeunt:
1285 4098 1334 4145 aut
1358 4107 1475 4164 prorsus

428 4182 514 4240 etiarn
542 4183 692 4257 ejiciuntur
720 4184 755 4240 ab
779 4184 907 4241 ecclesia.
930 4184 1108 4241 Rronnrrus.
1151 4184 1257 4242 Melius
1279 4185 1325 4241 hic
1349 4186 1474 4259 reposuit

429 4280 522 4337 Fellus
543 4282 624 4337 etiam
641 4281 700 4356 ipso
714 4301 830 4346 manere,
846 4283 895 4340 sed
917 4282 1132 4340 convenientius
1145 4301 1210 4339 curn
1225 4283 1366 4358 contiguis
1381 4284 1475 4339 ordine

428 4398 479 4453 pro
493 4399 601 4435 munere
614 4381 793 4437 scribendum
808 4380 903 4438 luerit.

468 4476 614 4533 'virorum
636 4478 755 4552 optime]
773 4480 865 4535 Antea
885 4478 1034 4553 legebatur
1045 4479 1185 4534 uiucnm:
1208 4476 1369 4533 emendatio
1383 4476 1473 4534 facilis

427 4582 456 4629 et
470 4574 560 4630 obvia.
585 4575 696 4630 Banoz.
