3817 5692
614 685 678 747 DE
702 686 1087 749 REBAP'I'ISMATE
1113 686 1268 749 LIBER.
1309 643 1315 655 ·
1424 687 1490 755 309

440 864 494 926 uo
521 865 633 926 rrrurret
656 857 693 927 in
719 866 894 941 (aternum,
912 868 944 928 ct
965 857 1131 953 quomodo
1154 867 1192 928 tu
1213 857 1312 937 dicis,
1331 859 1412 951 quin
1430 883 1489 928 cr·

440 970 546 1041 ulturi
562 971 818 1066 oportctfilium
835 972 1019 1044 demittis?
1062 975 1189 1067 Itaque
1210 975 1278 1044 fuit
1301 974 1489 1066 discipulo·

440 1110 517 1157 rum
535 1088 659 1158 eadem
678 1088 752 1160 lraec
768 1092 995 1183 praesumptio
1013 1092 1057 1160 de
1071 1090 1223 1171 Christo,
1237 1101 1488 1183 prorumpente

438 1202 476 1271 in
508 1204 615 1273 istum
647 1227 845 1275 sermonem
880 1206 1137 1277 incredulitatis
1166 1230 1242 1277 suae
1273 1205 1382 1275 Petro
1412 1207 1488 1298 ipso

438 1318 529 1389 duce
556 1342 598 1389 ac
625 1321 784 1412 principe
814 1320 1065 1412 apostolorum.
1117 1318 1209 1392 Cum
1239 1322 1334 1391 enim
1365 1344 1386 1392 a
1413 1321 1488 1392 Do-

438 1434 535 1501 mino
552 1434 656 1503 simul
675 1457 756 1504 cum
775 1436 903 1505 ceteris
920 1436 1046 1505 fuisset
1063 1438 1299 1530 interrogatus
1317 1437 1486 1526 quidnam

438 1548 585 1618 sentiret
608 1549 653 1618 de
674 1550 760 1641 ipsu,
778 1550 813 1618 id
832 1561 899 1632 est,
917 1573 1023 1640 quem
1049 1573 1125 1621 esse
1149 1573 1232 1620 eum
1255 1551 1484 1632 existimaret,

437 1674 475 1733 et
509 1665 623 1756 primo
654 1666 840 1735 veritatem
876 1665 1056 1736 confessus
1090 1666 1224 1750 ruisset,
1254 1668 1375 1737 dicens
1409 1689 1485 1737 esse

437 1802 519 1849 eum
538 1779 719 1851 Christum
745 1781 858 1851 filium
886 1780 956 1851 Dei
981 1783 1063 1867 vivi,
1087 1791 1125 1851 et
1149 1791 1336 1875 propterea
1360 1782 1485 1853 beatus

436 1894 483 1966 ab
505 1895 566 1965 illo
585 1896 767 1988 judicatus
792 1906 895 1979 esset,
914 1897 1009 1988 quod
1032 1896 1100 1967 hoc
1122 1919 1192 1966 non
1209 1896 1405 1981 carnaliter,
1422 1898 1484 1968 sed

437 2035 499 2104 per
530 2010 646 2083 Patris
677 2012 829 2083 coelestis
860 2012 1113 2084 revelationem
1147 2014 1336 2084 adsecutus
1369 2023 1482 2084 esset:

435 2129 530 2199 idem
560 2139 691 2211 tamen,
721 2130 782 2199 ubi
813 2131 921 2223 eoepit
949 2130 1056 2201 Jesus
1085 2130 1272 2200 ostendere
1305 2128 1485 2222 discipulis

435 2248 506 2318 suis
524 2248 606 2339 quia
622 2255 802 2340 oporteret
822 2246 924 2317 illum
942 2246 1229 2341 Hierosolymam
1246 2249 1297 2317 ire
1314 2257 1352 2318 et
1369 2249 1484 2320 multa
1493 2273 1584 2323 unu.
1596 2275 1646 2322 nr.

435 2364 509 2455 pati
532 2387 553 2433 a
575 2364 770 2433 senioribus
796 2374 834 2433 et
859 2364 1101 2435 sacerdotibus
1122 2373 1159 2433 et
1182 2364 1304 2434 scribis
1320 2374 1359 2435 et
1375 2350 1628 2435 inter-’''⁶‘”‘¹’

436 2478 492 2547 fici
515 2486 552 2546 et
575 2487 655 2569 post
678 2480 771 2547 diem
796 2478 944 2548 tertium
967 2500 1159 2570 resurgere,
1176 2477 1407 2550 nihilomiuus
1423 2479 1484 2550 ille

435 2616 537 2663 verus
554 2592 685 2663 Christi
704 2593 882 2662 confessor
907 2601 986 2684 post
1012 2592 1181 2684 pauculos
1204 2594 1279 2661 dies
1302 2602 1483 2685 assumpto

434 2732 477 2778 eo
503 2709 611 2802 coepit
636 2707 738 2777 illum
765 2708 939 2799 corripere
964 2707 1097 2787 dicens,
1116 2704 1316 2800 'Propitius
1341 2707 1388 2778 sit
1408 2706 1479 2791 tibi,
1494 2729 1645 2781 rumas

434 2847 503 2894 reon
516 2824 583 2894 erit
595 2823 710 2894 istud:
730 2825 781 2893 ita
798 2832 839 2893 ut
852 2831 1039 2915 propterea
1051 2820 1373 2892 audireaDomino
1386 2807 1578 2893 com-²⁸²³

434 2941 613 3022 meruerit,
640 2938 734 3011 Vade
755 2947 833 3033 post
858 2961 910 3008 mc
926 2936 1089 3021 Satanas,
1106 2934 1306 3008 scordalum
1327 2934 1416 3007 milti
1436 2961 1482 3023 es,

433 3054 479 3123 ob
505 3054 572 3126 lroc
598 3057 691 3147 quod
721 3078 791 3125 non
819 3064 957 3147 saperet
980 3076 1023 3124 eo
1048 3076 1126 3144 quae
1151 3062 1236 3122 sunt
1257 3053 1336 3136 Dei,
1354 3055 1417 3123 sed
1440 3077 1482 3124 ea

433 3195 510 3262 qua>
535 3182 618 3241 sunt
644 3170 839 3241 homiuum.
891 3170 981 3254 Quae
1006 3170 1199 3261 increpatio
1225 3169 1390 3239 adversus
1415 3168 1481 3239 Pe·

433 3296 527 3356 trum
545 3287 659 3381 magis
675 3288 858 3380 magisque
870 3286 985 3356 eluxit
1002 3284 1220 3377 adprehenso
1233 3282 1385 3367 Christo,
1398 3308 1479 3356 cum

431 3425 453 3472 a
476 3402 683 3473 muliercula
708 3403 921 3473 conterritus
945 3402 1092 3484 diceret,
1112 3398 1238 3471 Nescio
1263 3398 1350 3494 quid
1372 3400 1580 3487 riemann.

431 3525 555 3613 'neque
572 3518 652 3589 noui
669 3527 722 3597 te,·
748 3528 786 3588 et
809 3519 939 3587 iterum
960 3538 1042 3587 cum
1066 3517 1133 3587 hoc
1156 3516 1249 3586 idem
1268 3517 1403 3587 diceret
1419 3493 1608 3620 ad·{,¹,',⁵3,⁷⁰'

429 3634 544 3705 bibito
555 3634 786 3727 jurejurando
803 3642 841 3703 et
858 3633 965 3703 tertio
981 3633 1170 3703 ’devotans
1187 3639 1226 3702 et
1235 3632 1359 3723 jurans
1376 3631 1481 3703 adfir-

428 3759 552 3832 maret,
571 3752 738 3841 quoniam
764 3771 835 3818 non
861 3756 981 3818 nosset
1003 3747 1194 3828 hominem,
1213 3757 1251 3817 et
1275 3770 1345 3817 non
1368 3748 1479 3818 semel

471 3975 478 3997 ¹
494 3968 636 4042 Propitius
649 3970 686 4023 sit
701 3966 764 4039 titt]
786 3966 984 4041 comparative
999 3965 1104 4022 dictum
1120 3965 1240 4029 videtur,
1256 3966 1414 4041 Propitiora
1426 3967 1477 4024 tibi

428 4063 587 4119 adveniant.
610 4063 690 4137 quasi
710 4063 800 4119 fatum
820 4081 902 4118 suum
920 4061 1053 4118 Christus
1078 4071 1220 4118 narrasset
1245 4061 1399 4136 discipulis.
1423 4063 1474 4119 Rr-

429 4179 566 4217 uanrrus.
687 4153 690 4158 ’

469 4266 575 4334 'neque
595 4258 658 4315 novi
681 4258 720 4331 te]
748 4257 793 4315 cl.
816 4257 969 4315 Sabbatius
992 4257 1020 4314 iu
1043 4257 1130 4315 Notis
1152 4257 1188 4314 ad
1208 4257 1286 4314 Vera.
1306 4256 1364 4313 Vel.
1380 4256 1474 4313 Italic.

428 4365 445 4386 ¹‘
460 4356 602 4431 Anonym.
618 4356 663 4412 De
678 4355 798 4430 Rebapt.
816 4373 861 4430 ap.
877 4357 965 4430 Cypr.
984 4354 1058 4412 forte
1078 4374 1094 4411 e
1113 4354 1215 4411 Marco
1229 4354 1287 4410 xiv.
1304 4352 1351 4409 68.
1372 4351 1475 4409 Nescio

427 4462 445 4482 ‘⁴
463 4453 533 4528 quod
544 4451 629 4517 dicus,
638 4472 720 4528 neque
733 4453 795 4509 aeui
809 4451 864 4518 te,'‘
877 4452 931 4508 vol.
942 4452 964 4508 Ι.
976 4471 1042 4527 pag.
1056 4452 1121 4527 169.
1146 4451 1232 4519 Quod
1242 4449 1278 4506 ad
1290 4449 1321 4507 S.
1331 4450 1473 4515 Marcum,

426 4547 500 4621 apud
515 4567 579 4604 eum
595 4548 695 4605 Groece
709 4548 822 4623 legitur,
835 4551 886 4603 Οὐκ
900 4544 964 4612 olda,
975 4549 1034 4603 crida*
1048 4550 1185 4619 ἐπίσταμαι
1199 4550 1224 4603 τί
1238 4549 1273 4602 σὺ
1286 4548 1377 4620 λίγσις.

465 4650 474 4680 ³
488 4644 638 4718 devotans]
655 4644 845 4702 Tertullianus
859 4645 941 4710 dixit,
957 4646 1149 4702 devotamenta.
1173 4646 1351 4703 Rrssnrrus.
