3817 5692
798 702 1107 766 DISPUTATIO.
1433 704 1477 769 97

429 875 554 945 fecerit
579 873 760 945 medium?
789 873 858 943 Pro
881 896 1009 968 magno
1033 874 1126 944 enim
1147 871 1343 944 Archelaus
1368 877 1474 944 inter·

428 991 647 1084 rogationem
665 989 786 1059 haberi
804 989 909 1081 hujus
926 989 1096 1059 sermonis
1114 991 1284 1081 exposcit.
1336 989 1475 1060 Mnus

430 1124 544 1184 nrxrn
567 1103 689 1174 Bonus
715 1103 824 1186 Deus,
842 1114 880 1172 et
906 1103 994 1173 nihil
1021 1104 1155 1173 habens
1180 1125 1369 1174 commune
1392 1126 1473 1173 cum

429 1219 532 1300 malo,
550 1219 811 1288 firmamentum
840 1219 957 1310 posuit
980 1219 1017 1287 in
1038 1218 1168 1301 medio,
1185 1241 1255 1310 quo
1273 1218 1428 1288 alienum
1454 1240 1476 1287 a

429 1355 467 1404 se
489 1355 565 1403 esse
586 1333 830 1424 ⁰patefnoeret
855 1332 1062 1425 malignum.
1114 1332 1343 1403 Aacnunsus
1360 1353 1475 1414 nrxrr,

430 1446 625 1539 Usquequo
639 1448 811 1539 dignitate
829 1448 981 1516 nominis
998 1446 1181 1517 mentiris?
1210 1446 1327 1517 Deum
1341 1448 1474 1516 etenim

429 1563 650 1633 solummodo
676 1563 818 1631 nomine
843 1561 1010 1654 appellas,
1028 1572 1066 1631 et
1083 1564 1253 1633 deitatem
1277 1563 1385 1654 ipsius
1410 1562 1476 1631 hu-

430 1678 543 1748 manis
567 1676 832 1747 infirmitatibus
857 1699 1050 1768 comparas.
1102 1677 1308 1768 Aliquando
1333 1700 1378 1748 ex
1404 1700 1475 1746 non

432 1792 647 1875 extantibus,
665 1791 854 1882 aliquando
879 1814 925 1861 ex
952 1790 1111 1883 subjecta
1131 1793 1288 1873 materia,
1306 1816 1383 1883 quae
1400 1792 1478 1882 qui-

433 1908 513 1978 dem
538 1916 623 1978 ante
648 1929 686 1976 se
713 1906 830 1988 fuerit,
858 1907 982 1977 essenis
1011 1907 1219 1989 extruxisse,
1249 1916 1289 1976 ut
1315 1906 1476 1977 homines

430 2023 546 2094 solent
562 2030 793 2092 extructores.
846 2019 1030 2091 Interdum
1054 2022 1162 2091 etiam
1189 2044 1272 2092 eum
1299 2022 1474 2104 timidum,

430 2138 606 2207 interdum
624 2145 663 2207 et
680 2134 945 2205 convertibilem
965 2137 1072 2216 diois;
1097 2134 1166 2205 Dei
1185 2144 1240 2207 est
1257 2137 1353 2206 enim
1370 2159 1476 2230 agere

430 2275 507 2344 quae
525 2252 594 2322 Dei
612 2260 704 2333 sunt,
722 2251 876 2320 hominis
893 2272 986 2332 vero,
1005 2273 1087 2342 quae
1113 2251 1268 2323 humana
1290 2262 1384 2323 sunt.
1436 2251 1476 2321 Si

430 2390 514 2460 ergo
540 2366 649 2448 Deus,
675 2375 716 2435 ut
746 2366 807 2447 ais,
837 2387 980 2434 mamm
1010 2367 1217 2448 construxit
1246 2367 1410 2436 timidum
1438 2388 1477 2435 so

430 2482 497 2563 hio,
515 2490 553 2551 et
570 2480 657 2551 nihil
676 2481 891 2550 fortitudinis
908 2502 946 2549 se
964 2480 1094 2550 habere
1111 2480 1281 2573 designat.
1335 2481 1476 2551 Scimus

429 2598 525 2667 enim
551 2618 689 2688 semper
713 2618 783 2677 eos,
802 2596 862 2685 qui
889 2596 1111 2687 suspicantur
1136 2595 1181 2664 ab
1204 2597 1383 2665 extraneis
1409 2595 1475 2665 sibi

429 2712 528 2781 dolos
553 2712 703 2792 intendi,
729 2718 837 2801 atque
859 2710 1017 2779 hostium
1041 2718 1208 2778 verentur
1231 2710 1383 2790 insidias,
1410 2710 1475 2801 ipsi

429 2824 544 2897 solent
561 2824 666 2895 urbes
691 2847 770 2895 suas
794 2826 905 2894 muris
928 2824 1154 2905 circundare;
1181 2824 1216 2892 in
1235 2846 1305 2914 quo
1323 2831 1360 2893 et
1377 2825 1477 2916 igno·

428 2940 578 3010 rentiam
609 2939 743 3009 habent
777 2941 918 3031 pariter,
953 2948 1062 3030 atque
1100 2937 1382 3009 imbecillitatem
1421 2939 1475 3006 sui

429 3054 631 3124 ostendunt.
676 3052 748 3123 Sed
767 3076 812 3121 ue
830 3052 916 3123 illud
934 3052 1078 3143 quidem
1097 3074 1118 3121 a
1135 3051 1237 3121 nobis
1254 3051 1475 3121 reticendum

428 3178 492 3249 est,
506 3168 591 3258 quin
608 3169 727 3259 potius
744 3168 780 3237 in
799 3168 956 3237 medium
974 3167 1235 3258 proferendum,
1249 3176 1290 3235 ut
1307 3177 1345 3237 et
1362 3166 1477 3236 multa

427 3283 660 3352 assertionum
677 3281 779 3373 copia
799 3282 1099 3351 machinationum
1126 3280 1315 3352 adversarii
1333 3282 1478 3351 diversi·

428 3405 483 3467 tas
500 3396 711 3479 destruatur,
729 3396 902 3467 auxilium
920 3395 1021 3466 nobis
1039 3396 1175 3466 ferente
1193 3397 1352 3466 veritate.
1382 3394 1476 3465 Con-

428 3511 587 3580 cedimus
611 3519 824 3581 structuram
851 3512 982 3580 factam
1009 3532 1085 3580 esse
1111 3510 1216 3590 muri,
1234 3532 1315 3600 quae
1340 3511 1384 3580 ad
1405 3510 1477 3580 dis·

428 3628 622 3696 cretionem
656 3636 750 3697 esset
789 3627 1064 3717 uniuscujusque
1104 3626 1223 3717 regni:
1260 3625 1476 3717 impossibile

428 3743 524 3810 enim
548 3750 603 3812 est
627 3744 702 3810 siue
721 3741 804 3812 ¹hoc
835 3764 906 3810 uno
933 3741 1064 3810 habere
1092 3761 1368 3830 unumquenque
1396 3761 1475 3829 pro-

428 3858 542 3947 prium
569 3878 738 3948 regnum;
765 3854 889 3924 eodem
918 3878 1001 3925 vero
1032 3854 1139 3923 modo
1168 3852 1383 3944 impossibile
1411 3862 1475 3933 est,

428 3979 466 4040 et
494 3970 685 4063 malignum
713 3993 891 4062 egressum
918 3970 1067 4061 propriis
1093 3968 1220 4036 finibus
1248 3968 1331 4036 honi
1359 3978 1475 4058 partes

428 4084 605 4165 invadere,
640 4086 729 4154 muri
766 4085 1015 4154 interdictione
1052 4089 1246 4162 constante,
1283 4082 1348 4151 uisi
1383 4081 1475 4151 forte

428 4199 524 4291 prius
553 4200 749 4290 dejiciatur,
779 4200 871 4269 siout
905 4199 1104 4270 audivimus
1135 4195 1180 4266 ab
1209 4195 1370 4266 hostibus
1399 4197 1475 4265 fieri

428 4321 536 4404 atque
549 4315 658 4384 etiam
672 4314 783 4384 oculis
800 4317 927 4384 nostris
945 4326 1081 4404 Pnuper
1097 4312 1354 4403 conspeximus.
1381 4310 1474 4380 Cum

469 4461 484 4493 ⁰
498 4451 533 4508 Iu
547 4452 644 4508 codice
659 4451 815 4516 Casinemi,
828 4460 936 4527 portum
942 4450 1065 4525 fuceret.

468 4557 485 4601 a
499 4548 578 4605 Nota
591 4548 724 4605 Archelai
739 4557 861 4613 oetatem,
872 4557 901 4605 et
914 4548 1019 4604 habita
1033 4546 1231 4620 disputationis
1244 4553 1356 4617 tempus
1367 4567 1373 4608 ;
1396 4544 1473 4618 loqui

800 4652 807 4674 ¹
827 4644 886 4717 [An
901 4645 955 4701 hoc
971 4661 1052 4699 muro
1064 4642 1088 4716 i]

471 4740 537 4781 von.
555 4741 585 4782 v.
932 4745 949 4782 o
