3817 5692
431 688 496 751 342
577 681 885 750 TESTIMONIA
909 681 972 745 DE
997 682 1364 748 AUCTORITATE

433 859 552 940 λανθῖης
577 859 691 933 ἐκεῖνος
720 855 824 953 χιτιῖιν
851 852 895 925 τὰ
923 862 981 935 της
1008 855 1132 949 σοφίας
1155 852 1236 937 ὅνθη
1262 853 1411 942 δεικνύει,
1441 856 1505 934 τὰς

433 974 584 1049 ποικιλας
609 973 660 1042 καῖ
686 972 730 1053 μη
755 970 993 1067 μαραινομένας
1014 968 1160 1066 γραφὰς,
1178 969 1223 1042 τὰ
1240 971 1351 1065 λόγια
1371 970 1420 1043 τὰ
1440 980 1504 1044 ποιῖ

433 1090 568 1186 Κυρίου,
585 1098 659 1164 ταῖς
677 1094 736 1169 τῆς
756 1086 908 1169 ἆληθείας
925 1083 1220 1181 ἆταστρόττοντα
1238 1088 1370 1178 αὖγαῖς.
1401 1088 1498 1159 Ibid.

432 1206 494 1276 lib.
508 1206 543 1275 ii.
561 1227 636 1297 cap.
651 1209 708 1273 10.
727 1226 762 1295 p.
774 1208 859 1274 238.

484 1317 695 1390 Θεοδίδακτοι
715 1315 783 1415 γὰρ
801 1348 897 1400 ημεις,
914 1345 985 1412 ιερα
1003 1347 1103 1392 ουτως
1120 1314 1308 1412 γράμματα
1326 1315 1426 1413 παρὰ
1443 1323 1494 1406 τῷ

433 1435 501 1524 Υῖῷ
533 1441 593 1505 τοῦ
621 1434 706 1504 Θεοῦ
739 1431 973 1515 παιδευόμενοι.
1010 1430 1176 1504 stromat.
1203 1431 1262 1503 lib.
1282 1435 1305 1505 i.
1328 1457 1410 1527 cap.
1431 1439 1493 1505 20.

433 1576 466 1646 p.
486 1550 570 1631 876.
607 1552 729 1622 confer
746 1559 783 1620 et
800 1550 861 1621 lib.
879 1550 915 1619 ii.
941 1571 1017 1641 cap.
1037 1554 1072 1619 2.
1099 1571 1132 1641 p.
1151 1554 1235 1620 433.
1261 1556 1301 1619 et
1326 1573 1408 1643 cap.
1428 1553 1490 1622 11.

433 1692 467 1760 p.
488 1670 572 1737 454.

483 1781 599 1857 Οὕτως
628 1782 647 1850 ὁ
677 1787 725 1871 τῷ
757 1780 868 1877 Κυρίῳ
898 1779 1100 1863 πειθόμενος,
1125 1779 1176 1847 καῖ
1206 1784 1250 1871 τῇ
1282 1776 1419 1871 δοθείσῃ
1450 1777 1492 1849 δι’

433 1899 533 1967 αι’ποιῖ
549 1900 839 1978 κατακολουθήσας
856 1896 1059 1992 προφητείᾳ,
1076 1893 1195 1970 τελέως
1212 1895 1396 1963 ε’κτιλεῖται
1415 1898 1489 1965 κατ’

433 2011 538 2081 εἰκόνα
563 2019 625 2081 τοῦ
650 2008 847 2082 διδασκάλου
872 2012 904 2079 ἐν
929 2011 1026 2107 σαρκί
1053 2014 1241 2105 περιπολῶν
1267 2007 1361 2082 θεός.
1404 2008 1493 2077 ἆπο-

433 2127 613 2197 πίπτουσιν
634 2125 698 2220 ἄρα
721 2123 819 2198 τοῦδε
838 2133 900 2196 τοῦ
920 2123 1037 2218 ὕφους,
1055 2127 1088 2195 οῖ
1102 2125 1146 2207 μη
1163 2124 1315 2207 ἑπόμενοι
1334 2122 1413 2213 θεῷ
1435 2122 1492 2193 ἐὰν

433 2242 615 2330 (emendat
636 2241 805 2311 Potterus
827 2240 847 2334 ᾖ
867 2239 922 2329 ιῖν)
940 2244 1072 2332 ἡγῆται·
1101 2243 1229 2332 ἡγεῖται
1255 2237 1289 2310 δὲ
1311 2236 1400 2310 κατὰ
1425 2238 1491 2317 τῖις

434 2357 677 2433 Θεοπνεῦστους
694 2354 841 2452 γραφάς.
870 2356 962 2428 Ibid.
980 2358 1041 2429 lib.
1056 2358 1114 2426 vii.
1133 2379 1208 2449 cap.
1224 2353 1282 2426 16.
1300 2378 1335 2447 p.
1349 2360 1439 2434 894.

480 2471 682 2554 Ῥαθυμοῡσι
703 2471 762 2557 μὲν
781 2469 849 2566 γὰρ
873 2473 916 2555 οἱ,
934 2469 1042 2567 παρὸν
1062 2468 1123 2547 τὰς
1149 2470 1264 2547 οἰκείας
1287 2479 1362 2546 ταῖς
1388 2473 1492 2548 θείως

433 2592 583 2684 γραφαῖς
612 2588 651 2681 ἐξ
678 2590 869 2657 αὐτῶντῶν
896 2590 1039 2682 γραφῶν
1066 2583 1264 2684 πορίζεσθαι
1290 2584 1489 2681 ἀποδείξας,

431 2697 474 2770 τὸ
492 2697 650 2797 παρόπαν
667 2701 720 2769 καῖ
736 2709 809 2776 ταῖς
826 2697 951 2781 ἡδοναῖς
968 2701 1073 2771 αιῖτῶν
1086 2699 1332 2795 συναιρούμενον
1349 2699 1490 2793 ἐκλεγό-

430 2846 532 2895 μενοι.
571 2813 665 2909 δόξης
699 2813 733 2884 δὲ
766 2817 987 2898 ἐπιθυμοῦσιν,
1022 2814 1097 2885 ὅσοι
1134 2812 1179 2885 τὰ
1217 2820 1379 2911 προσφυῆ
1415 2826 1490 2894 τοῖς

432 2930 671 3005 Θεοπνεύστοις
697 2931 815 3022 λόγοις
843 2928 906 3000 ὖπδ
934 2935 1000 3001 τῶν
1024 2930 1186 3026 μακαρίων
1214 2929 1421 3000 ἆποστολιιν
1447 2964 1488 3004 τε

430 3046 483 3116 καῖ
508 3041 710 3117 διδασκάλων
736 3043 989 3141 παραδιδόμενα,
1010 3045 1136 3121 ἑκόντες
1161 3043 1238 3114 εἶναι
1265 3040 1486 3143 σοφίζονται,

431 3160 472 3233 δι’
488 3162 604 3257 ἑτέρων
625 3164 913 3257 παρεγχειρῆσεων
938 3161 1150 3257 ἆνθρωπείαις
1175 3157 1401 3236 διδασκαλίαις
1427 3162 1489 3232 ε’νι-

429 3272 588 3356 στόμενοι
620 3275 688 3365 θείᾳ
719 3273 911 3370 παραδόσει,
934 3272 1016 3372 ὅπερ
1043 3280 1105 3344 τοῦ
1130 3274 1190 3356 τὴν
1213 3274 1337 3369 αἵρεσιν
1361 3280 1489 3358 συστη-

429 3391 687 3461 σασθαι.-ὁ
707 3386 887 3482 γνωστικδς
905 3387 970 3486 ἄρα
994 3394 1066 3474 ἡμῖν
1082 3390 1181 3472 μόνος
1202 3389 1235 3459 ἕν
1252 3390 1365 3467 αὑταῖς
1381 3421 1488 3463 κατα-

430 3502 580 3600 γηράσας
606 3515 679 3581 ταῖς
707 3509 866 3600 γραφαῖς,
890 3505 949 3587 τὴν
977 3505 1204 3586 ἆποσπολικῖην
1230 3504 1283 3574 καῖ
1310 3504 1488 3587 ἐκκλησια-

429 3619 542 3700 στικην
560 3616 671 3716 σώζων
692 3620 895 3714 δρθοτομίαν
917 3624 983 3689 τῶν
1007 3616 1184 3711 δογμάτων
1206 3616 1293 3689 κατὰ
1317 3616 1362 3689 πδ
1385 3622 1487 3714 εὗαγ-

428 3735 543 3826 γελιον
573 3732 746 3827 ὀρθότατα
781 3735 861 3820 βιοῖ·
892 3732 952 3810 τὰς
983 3731 1163 3826 ἀποδείξεις
1192 3735 1232 3809 ὡς
1261 3727 1300 3801 δν
1321 3731 1488 3826 (conjicit

429 3850 569 3942 legend.
595 3848 779 3920 Lowthius
807 3849 846 3925 ἃς
875 3846 931 3945 όν)
956 3846 1138 3946 ἐπιζητῆση
1169 3848 1374 3945 ιἰνευρίσκειν,
1404 3850 1487 3921 ιἰνα·

428 3965 636 4047 πεμπόμενος
665 3963 729 4033 ὑπὸ
765 3963 848 4057 (ἆπδ
879 3964 957 4035 vult
988 3964 1213 4060 Sylburgius)
1245 3970 1308 4037 τοῦ
1341 3963 1486 4061 Κυρίου,

428 4081 497 4150 ιἰπό
522 4112 561 4150 τε
586 4081 685 4163 νόμου
711 4082 763 4151 καῖ
794 4086 990 4178 προφητῶν.
1031 4082 1049 4150 ὁ
1079 4082 1154 4167 βίος
1189 4079 1258 4177 γὰρ
1292 4078 1384 4162 οἶμαι
1418 4089 1488 4153 τοῦ

427 4200 622 4284 γνωστικοῦ,
640 4193 727 4264 οὐδὲν
747 4192 836 4265 ἄλλο
864 4196 957 4265 ε’στῖν
979 4196 997 4277 ῖς
1022 4197 1108 4292 ἔργα
1136 4197 1188 4266 καὶ
1215 4196 1317 4287 λόγοι
1344 4198 1390 4287 τῇ
1416 4204 1488 4268 τοῦ

427 4308 553 4404 Κυρίου
568 4308 745 4379 ἆκόλουθοι
762 4309 958 4406 παραδόσει.
987 4311 1079 4382 Ibid.
1097 4334 1130 4404 p.
1149 4309 1233 4390 896.

475 4464 577 4479 --
592 4423 653 4495 τδν
673 4425 785 4508 με’ντοι
806 4424 954 4508 Ἰωάννην
976 4428 1126 4523 ἔσχατον
1146 4424 1483 4521 (evangelistarum)

425 4538 596 4612 συνιδόντα
614 4543 666 4613 ὅτι
685 4542 729 4612 τὰ
743 4542 914 4627 σωματικὰ
933 4545 965 4615 ἐν
975 4554 1046 4620 τοῖς
1063 4545 1268 4638 ειῖαγγελίοις
1280 4541 1484 4644 δεδήλωται,
