3817 5692
745 715 1055 780 DISPUTATIO.
1360 719 1423 783 107

373 897 429 959 ret
446 887 590 969 Jesum;
619 889 678 979 qui
698 890 793 958 enim
811 890 950 960 dixerat
967 910 1005 959 se
1022 910 1092 958 non
1111 889 1226 959 multo
1243 900 1324 982 post
1340 893 1424 961 mis·

371 1027 494 1076 surum
517 1025 593 1073 esse
614 1001 843 1087 Parsclitum,
860 1006 1042 1076 iuvenitur
1058 1015 1160 1097 spost
1177 1014 1366 1089 trecentos,
1384 1016 1422 1076 et

373 1143 416 1192 eo
439 1118 591 1211 emplius
615 1142 726 1190 annos
750 1120 887 1191 misisse
910 1120 1015 1201 hune,
1033 1121 1125 1191 sicut
1147 1122 1222 1213 ipse
1239 1122 1306 1191 sibi
1323 1124 1424 1193 testi-

371 1238 530 1307 monium
557 1234 730 1327 perhibet.
782 1236 880 1320 Quid
905 1236 1025 1306 dicent
1042 1235 1131 1307 Jesu
1156 1238 1192 1306 in
1219 1236 1277 1307 die
1296 1236 1424 1329 judicii

374 1350 437 1434 illi,
454 1353 516 1442 qui
532 1353 609 1443 Jsm
628 1352 702 1421 vite
718 1362 946 1422 excesserunt
971 1374 1017 1421 ex
1042 1350 1104 1422 illo
1130 1361 1290 1445 tempore
1312 1375 1424 1447 usque

374 1466 495 1539 nuuc?
538 1467 668 1539 Nonne
696 1466 775 1538 haeo
801 1468 894 1560 spud
921 1490 1005 1538 eum
1031 1467 1247 1562 allegabunt,
1265 1468 1337 1539 noli
1360 1492 1425 1540 uos

374 1584 539 1664 cruciere,
564 1584 593 1654 si
619 1605 727 1676 opere
750 1592 815 1654 tue
838 1606 909 1655 non
936 1584 1104 1666 fecimus;
1131 1580 1193 1655 cur
1219 1588 1315 1655 enim
1342 1609 1424 1656 cum

373 1700 573 1791 promiseris
605 1701 671 1770 sub
705 1698 846 1770 Tiberio
880 1698 1018 1771 Caessre
1055 1700 1243 1770 missurum
1277 1711 1315 1771 te
1348 1723 1425 1773 esse

374 1813 601 1896 Pereolitum,
618 1817 679 1906 qui
706 1822 883 1911 ‘sequeret
909 1838 972 1886 nos
997 1814 1039 1886 de
1057 1824 1208 1911 peccato,
1232 1825 1264 1887 et
1289 1816 1331 1887 de
1344 1817 1425 1909 jus·

373 1929 464 2012 sitis,
481 1930 548 2001 sub
567 1929 683 2001 Probo
701 1931 846 2001 demum
865 1930 1028 2002 Romano
1047 1931 1267 2023 Imperatore
1284 1933 1423 2019 misisti,

373 2046 547 2139 orphanos
564 2046 795 2138 dereliquisti,
821 2069 902 2117 cum
920 2047 996 2140 ipse
1014 2048 1156 2132 dixeris,
1172 2054 1261 2120 ’non
1278 2046 1424 2120 derelin-

374 2183 476 2255 quam
502 2183 563 2232 cos
589 2158 774 2255 orphanos,
790 2185 872 2232 cum
900 2164 977 2256 ipse
1003 2164 1134 2235 dixeris
1161 2174 1210 2246 te,
1229 2186 1317 2234 'mox
1342 2166 1422 2247 ires,

374 2276 562 2348 missumm
580 2299 656 2349 esse
674 2276 916 2350 Persolitumi
942 2278 1039 2363 Quid
1055 2290 1259 2373 poteramus
1276 2279 1422 2373 orphani

375 2391 499 2475 iecere,
517 2414 588 2467 non
612 2391 784 2464 hebentes
808 2402 975 2476 tutorem,
994 2394 1082 2474 nihil
1107 2415 1172 2465 nos
1197 2393 1422 2487 deliquimus,

375 2515 416 2577 tu
445 2528 510 2584 nos
540 2506 718 2579 fefellisti?
756 2508 847 2579 ¹'Sed
872 2510 965 2580 sbsit
990 2510 1059 2581 hoo
1078 2533 1101 2580 s
1121 2509 1276 2581 Domino
1301 2520 1423 2581 nostro
1525 2495 1526 2499 ¹

374 2620 462 2694 Jesu
487 2621 631 2694 Christo
657 2621 842 2695 Salvatore
868 2626 983 2695 omnis
1009 2627 1146 2697 enimse.
1196 2625 1302 2696 ’Non
1327 2626 1423 2696 enirn

375 2747 532 2812 moratus
549 2746 604 2810 est
621 2739 658 2811 in
676 2741 964 2832 promissionibus
987 2743 1068 2823 suis,
1086 2742 1148 2812 sed
1166 2763 1248 2812 cum
1265 2740 1424 2821 dixisset,

374 2853 497 2929 ⁴Vodo
522 2854 570 2927 od
589 2853 732 2927 Patrem
760 2855 884 2945 meum,
906 2867 939 2929 et
962 2859 1061 2930 mitto
1085 2857 1178 2930 vobis
1194 2856 1423 2937 Paradisum,

375 2972 496 3042 stetim
513 2972 620 3055 misit,
632 2972 810 3056 dividens,
829 2975 964 3046 donans
981 2974 1160 3068 discipulis
1177 2976 1269 3056 suis;
1296 2973 1424 3045 'ebun-

376 3086 516 3158 dsntius
533 3110 616 3158 vero
634 3080 817 3159 conferens
837 3089 961 3160 Paulo.

375 3270 486 3328 misem
507 3290 566 3330 esse
578 3272 750 3332 Paroclitrrm
768 3282 835 3350 post
859 3274 985 3331 ducentos
1008 3281 1035 3330 et
1057 3273 1172 3349 eripiare
1193 3290 1278 3329 annos
1298 3271 1332 3327 ob
1349 3273 1424 3347 Apo·

374 3367 471 3425 stolicc
483 3369 576 3443 qratia
590 3377 751 3429 transactos.

415 3465 646 3524 quntentionis
666 3477 737 3526 estu
758 3478 838 3526 ectus
855 3468 968 3526 videtur
988 3468 1035 3525 hic
1056 3467 1159 3525 dixisse
1176 3466 1345 3532 Archelaus,
1360 3474 1426 3542 post

375 3571 517 3620 trecentos
540 3573 569 3622 et
591 3566 711 3640 emplius
733 3585 823 3624 annos
845 3585 862 3624 s
885 3566 994 3623 Christi
1015 3574 1137 3623 mortem
1159 3565 1308 3622 Menetem
1333 3582 1425 3621 emer·

376 3658 462 3716 sisse:
486 3678 553 3717 nam
566 3678 584 3717 s
599 3660 707 3717 Christi
722 3670 813 3719 morte
829 3679 918 3736 usque
938 3660 975 3718 sd
993 3660 1098 3717 hebitae
1117 3678 1182 3716 cum
1196 3659 1314 3716 Menete
1329 3659 1424 3735 dispu-

375 3756 491 3813 tationis
510 3765 632 3832 tempus,
652 3758 719 3816 suni
741 3758 853 3817 circiter
873 3757 976 3815 ccxlix.
998 3756 1185 3815 intercedunt.
1228 3756 1302 3814 Vide
1324 3757 1424 3832 preess-

375 3851 482 3911 ticnem
496 3863 624 3912 nostram
638 3855 667 3912 in
682 3855 832 3914 Archelao.

415 3951 532 4008 rPerre
554 3951 711 4010 mutatione
733 3953 810 4010 hunc
832 3954 926 4010 locum
945 3961 1033 4018 recte,
1048 3951 1078 4008 ni
1096 3951 1187 4017 fallor,
1203 3951 1425 4018 emendavimus,

375 4046 423 4121 qui
444 4046 474 4103 in
496 4047 594 4107 codice
616 4048 765 4108 Cannensi
786 4051 827 4108 ite
849 4068 880 4107 se
902 4049 997 4107 hebet.
1040 4046 1097 4106 sea
1109 4049 1181 4106 obsit
1195 4050 1264 4106 lonc
1277 4068 1294 4105 a
1307 4050 1426 4107 Domino

374 4153 467 4202 nostro
479 4143 550 4202 Jesu
566 4145 674 4204 Christo
688 4146 833 4205 salvatore
846 4165 922 4204 omne
934 4149 1039 4202 onimae.

416 4252 429 4283 ⁸
443 4242 519 4300 Mire
533 4242 579 4300 hic
593 4252 623 4300 et
637 4244 666 4300 iu
681 4264 761 4320 seqq.
777 4244 947 4321 depravatus
967 4252 1011 4301 est
1030 4244 1119 4301 codex
1134 4241 1307 4309 Cesinensis,
1322 4244 1351 4301 in
1370 4261 1425 4319 quo

375 4335 488 4410 legitur,
503 4335 708 4395 Abundantidrrs
721 4358 785 4396 vero
805 4339 933 4414 confitens
949 4336 1046 4396 Paulo.
1089 4337 1189 4394 Manes
1201 4337 1280 4403 distr,
1299 4337 1426 4393 Tuomst

376 4433 463 4508 ipsius
481 4433 580 4491 indicio
599 4435 804 4511 comprehensus
823 4455 869 4503 es;
892 4436 947 4493 lsaec
966 4436 1036 4491 enim
1055 4454 1160 4491 versum
1179 4443 1205 4491 re
1219 4434 1333 4498 locutus,
1348 4433 1424 4508 ἐφισ-

398 4567 404 4590 ¹
418 4561 504 4622 loen.
519 4564 577 4621 xvi.
594 4564 621 4621 8.
1001 4569 1010 4593 ¹
1024 4563 1109 4621 Josn.
1125 4565 1180 4620 xiv.
1200 4563 1245 4620 18.

394 4668 405 4700 ⁸
422 4659 500 4736 [For.
512 4661 660 4748 respicitur
671 4663 707 4720 sd
719 4681 735 4718 2
749 4663 810 4721 Pet.
822 4663 858 4719 iii.
871 4662 913 4738 9.]
999 4668 1009 4697 ⁴
1023 4661 1106 4718 Josn.
1118 4661 1175 4718 xiv.
1190 4679 1234 4717 12.
1249 4670 1278 4717 et
1289 4660 1345 4716 xvi.
1357 4659 1403 4717 28.

873 4778 927 4823 ΡΞ
