3817 5692
429 679 494 745 246
797 681 829 743 S.
846 680 1120 744 AUGUSTINI

429 856 564 925 stitutis
590 855 683 923 intra
708 876 825 923 arcam
852 853 1014 923 salutaris
1036 855 1117 936 fuit,
1136 861 1238 924 extra
1261 876 1381 925 arcam
1404 877 1494 926 vero

430 968 610 1038 mortifera
627 968 715 1049 fuit;
741 968 867 1038 eadem
885 978 1005 1038 tamen
1030 969 1108 1038 fuit.
1163 968 1210 1038 Et
1233 968 1342 1039 multi
1366 977 1494 1040 extra·

430 1085 497 1165 nei,
516 1084 552 1153 id
570 1093 634 1165 cst,
652 1085 772 1164 invidi,
790 1106 878 1175 quos
900 1107 946 1153 ex
968 1093 1068 1175 parte
1092 1083 1224 1153 diaboli
1241 1106 1318 1155 esse
1337 1084 1492 1178 Cypria-

430 1222 495 1269 nus
513 1199 599 1269 dicit
616 1207 654 1268 et
672 1200 716 1268 de
734 1198 924 1291 Scripturis
941 1199 1108 1281 ostendit,
1127 1198 1225 1269 velut
1245 1201 1342 1270 intus
1360 1201 1491 1271 viden-

430 1325 496 1398 tur,
510 1325 547 1385 et
561 1325 680 1385 tamen
699 1315 765 1384 nisi
779 1324 896 1385 essent
910 1323 1014 1383 extra
1030 1336 1158 1398 arcam,
1172 1337 1243 1384 uon
1259 1324 1490 1386 morerentur

430 1453 493 1522 per
522 1452 661 1521 aquam.
713 1429 817 1499 Tales
846 1428 942 1498 enim
973 1428 1180 1521 baptismus,
1203 1452 1285 1499 curn
1311 1452 1356 1499 eo
1388 1429 1489 1501 male

305 1546 380 1595 '‘r-¹¹·
432 1553 589 1625 utuntur,
602 1553 725 1626 necat;
743 1545 835 1614 sicut
850 1542 920 1613 illis
938 1544 983 1613 de
996 1543 1124 1634 quibus
1137 1544 1189 1613 ait
1199 1541 1408 1635 Apostolus,
1420 1543 1488 1614 bo-

300 1627 357 1670 '¹'
430 1682 496 1729 nus
514 1661 600 1729 odor
616 1660 747 1730 Christi
766 1668 842 1730 erat
860 1660 896 1728 in
914 1667 1078 1728 mortem.
1126 1658 1200 1729 Cur
1215 1682 1300 1753 ergo
1316 1682 1390 1729 non
1408 1683 1490 1732 sus-

429 1777 565 1868 cipiunt
592 1777 724 1868 aliquid
747 1774 886 1846 caeleste
904 1774 961 1846 vel
982 1774 1195 1845 schismatici
1213 1775 1269 1845 vel
1292 1775 1487 1848 haeretici?

429 1893 521 1962 sicut
543 1893 651 1985 spinae
674 1892 748 1961 sive
769 1891 903 1960 zizania
919 1889 1088 1982 pluviam,
1106 1891 1198 1959 sicut
1215 1891 1280 1981 ipsi
1298 1891 1358 1982 qui
1377 1902 1489 1962 extra

429 2027 545 2074 arcam
572 2003 726 2086 fuerunt,
743 2026 871 2094 aquam
897 2004 942 2074 de
968 2005 1154 2074 cataractis
1178 2003 1252 2073 eaeli
1275 2003 1487 2076 venientem

429 2127 658 2210 susceperunt
676 2118 830 2209 quidem,
848 2120 910 2188 sed
933 2119 978 2188 nd
1004 2118 1208 2210 perniciem,
1225 2141 1298 2187 non
1318 2118 1362 2188 ad
1387 2117 1489 2189 salu-

429 2242 514 2302 tern.
564 2232 721 2325 Ideoque
748 2233 836 2304 illud
859 2235 953 2325 quod
976 2234 1013 2303 iu
1037 2233 1164 2303 ultimo
1181 2233 1311 2325 posuit,
1331 2230 1488 2321 ertdo

428 2345 528 2418 danti
543 2345 635 2419 loona
652 2372 721 2419 non
739 2358 796 2431 est,
811 2349 927 2444 ntique
943 2338 1005 2420 nec
1020 2348 1204 2443 accipienti
1213 2346 1380 2444 prodeam
1406 2372 1488 2421 non

429 2462 549 2533 laboro
572 2463 754 2534 refellere:
781 2466 864 2556 quia
890 2472 929 2534 et
958 2487 1021 2534 nos
1047 2465 1197 2534 dicimus
1223 2463 1488 2557 accipientibus

428 2601 498 2647 non
517 2581 691 2671 prodesse,
709 2603 789 2650 cum
815 2582 851 2650 in
875 2579 1001 2650 haeresi
1020 2580 1198 2671 accipiunt
1216 2579 1489 2652 consentientes

427 2693 620 2779 haereticis3
646 2707 684 2765 et
701 2697 781 2765 ideo
801 2697 947 2765 veniunt
971 2697 1015 2765 ad
1037 2695 1249 2766 catholicam
1272 2716 1400 2786 paoem
1426 2706 1487 2766 at·

428 2833 498 2901 que
515 2812 722 2893 ¹unitatem‚
740 2835 810 2880 nou
837 2821 878 2880 ut
904 2812 1120 2904 baptismum
1147 2813 1332 2904 accipiant,
1349 2810 1414 2880 sed
1439 2821 1489 2882 ut

428 2925 478 2994 eis
495 2927 660 3015 prodesse
677 2927 822 3018 incipiat
839 2927 933 3018 quod
951 2936 1172 3018 acceperant.

479 3039 572 3110 Item
608 3040 696 3111 alius
724 3039 914 3112 lanuarius
947 3041 1169 3112 Muzuleusis
1203 3042 1316 3111 dixit:
1354 3038 1491 3113 Miror

428 3155 520 3248 qnod
545 3180 621 3226 cnm
648 3180 763 3227 omnes
789 3159 1013 3253 confiteantur
1033 3181 1139 3227 annm
1166 3180 1237 3227 ease
1261 3153 1488 3250 baptismum,

427 3293 496 3341 non
513 3294 627 3342 omncs
645 3271 837 3368 intellipont
853 3273 998 3366 cjzndem
1016 3271 1176 3366 baptismi
1194 3272 1367 3341 vanitatem.
1408 3270 1489 3344 Eo-

427 3383 529 3455 clesin
554 3387 645 3456 enim
670 3394 702 3456 et
722 3384 864 3457 ioeresis
886 3387 966 3458 dnae
993 3396 1025 3458 et
1055 3386 1200 3457 diuersos
1215 3409 1271 3456 res
1290 3393 1380 3455 sont.
1434 3387 1489 3460 Si

426 3497 582 3571 ioeretici
597 3498 718 3571 tabent
733 3500 911 3596 baptismo,
931 3527 993 3574 nos
1015 3526 1083 3573 non
1101 3500 1281 3572 habemns:
1308 3503 1341 3570 si
1362 3510 1488 3573 nutem

426 3640 488 3688 nos
510 3615 677 3701 habemus,
695 3617 850 3689 haretici
875 3617 998 3689 habere
1022 3641 1092 3688 non
1113 3626 1267 3711 possunt.
1319 3615 1487 3690 Dubimn

425 3739 535 3800 annm
566 3755 635 3802 non
662 3741 719 3813 eat,
748 3731 938 3803 Ecclesium
968 3731 1075 3804 solnm
1102 3730 1305 3825 baptismam
1338 3728 1489 3806 Christi

422 3844 607 3938 possidere,
636 3870 714 3940 qnoe
738 3846 812 3918 solo
836 3846 1012 3942 possident
1038 3855 1070 3917 et
1088 3836 1248 3943 'pretinm
1279 3843 1415 3918 Chresti
1449 3859 1487 3921 et

425 3965 610 4033 ceritatem.

476 4077 600 4148 Posset
612 4077 701 4147 alius
719 4079 881 4148 similiter
894 4078 1020 4159 dicere,
1035 4088 1073 4148 et
1091 4077 1253 4146 similiter
1265 4100 1334 4144 non
1349 4098 1483 4149 verum

425 4194 561 4264 dicere:
590 4192 705 4262 Miror
726 4195 819 4284 quod
844 4216 924 4262 curn
952 4216 1075 4263 omnes
1101 4193 1336 4263 confiteantur
1361 4214 1482 4264 unum

425 4331 501 4378 esse
519 4308 745 4400 baptismum,
763 4331 833 4376 non
851 4330 975 4376 omnes
992 4307 1195 4400 intelligant
1212 4308 1369 4398 ejusdem
1389 4306 1490 4400 bap-·

425 4421 519 4489 tismi
539 4419 724 4488 unitatem.
776 4418 924 4487 Justitia
948 4420 1043 4486 enim
1072 4428 1108 4487 et
1140 4419 1305 4508 iniquitas
1331 4416 1410 4484 duae
1438 4429 1483 4489 et

586 4619 599 4645 ¹
616 4608 713 4665 Plures
727 4607 816 4666 MSS.
831 4617 911 4682 utque
924 4607 1072 4662 ueritatem.
1117 4606 1233 4678 (ltidem
1249 4605 1325 4675 mel.)
