3817 5692
732 709 1039 773 DISPUTATIO.
1348 707 1412 770 117

368 906 454 953 rare.
508 883 660 950 Rursum
688 893 807 950 autem
832 880 903 962 ille,
921 883 980 971 qui
1008 903 1145 970 semper
1168 879 1320 948 salvator
1345 891 1409 960 est,

367 997 472 1068 Jesus
501 997 675 1065 Dominus
704 1005 823 1065 noster
856 996 1056 1077 adveniens,
1085 993 1246 1062 liberavit
1276 1017 1335 1062 eos
1365 1019 1410 1064 ex

296 1093 301 1100 ⁷
368 1112 609 1205 hujuscemodi
636 1111 848 1179 eruciatibus
874 1110 971 1202 legis,
993 1118 1100 1199 atque
1126 1108 1334 1191 maledictis,
1351 1111 1413 1179 do·
1500 1168 1503 1172 .

368 1248 454 1295 nans
472 1226 522 1295 eis
539 1226 692 1315 injurias.
734 1225 825 1304 Nee,
842 1226 932 1293 sieut
951 1223 1105 1315 Moyses,
1124 1225 1311 1292 severitate
1328 1245 1411 1292 usus

369 1350 422 1409 est
449 1340 545 1432 legis,
572 1338 660 1408 nulli
688 1338 903 1430 indulgendo
928 1339 1112 1429 injuriam;
1140 1339 1200 1406 sed
1228 1339 1285 1406 hie
1309 1339 1410 1415 dixit,

370 1457 414 1524 ¹si
432 1455 510 1545 quis
536 1476 656 1545 passus
682 1454 790 1522 fuerit
806 1476 828 1521 a
848 1454 1008 1544 proximo
1026 1476 1089 1522 suo
1106 1454 1279 1543 injuriam,
1297 1452 1412 1521 indui-

368 1577 452 1660 geat
469 1590 538 1635 non
556 1567 666 1636 semel
683 1577 834 1648 tantum,
854 1567 915 1635 sed
933 1576 971 1635 et
988 1589 1053 1635 nee
1079 1567 1242 1648 seeundo,
1261 1590 1325 1635 nee
1343 1576 1413 1636 ter-

369 1683 429 1762 tio,
448 1705 509 1751 neo
533 1679 643 1751 sotum
668 1682 799 1773 septim,
817 1680 877 1749 sed
900 1680 1123 1774 septuoyesies
1147 1679 1290 1771 septies:
1318 1680 1411 1768 quod

369 1797 398 1865 si
415 1796 585 1886 posthaec
603 1797 765 1886 injuriam
790 1795 1021 1887 permanserit
1038 1794 1231 1885 irrogando,
1250 1801 1334 1860 tuno
1353 1793 1413 1861 de-

370 1931 467 1977 mum
486 1908 555 2001 legi
573 1932 654 1978 eum
682 1910 811 1978 debere
837 1908 1066 1978 succumbere
1085 1908 1211 1998 Moysi,
1230 1930 1294 1975 neo
1320 1905 1414 1975 ultra

370 2025 508 2093 veniam
535 2025 609 2091 dari
633 2026 678 2107 ei,
701 2026 760 2114 qui
791 2025 827 2092 in
853 2023 987 2112 injuriis
1010 2031 1323 2112 perseveratum
1346 2020 1412 2089 sibi

370 2138 606 2228 septuagesies
642 2139 771 2227 septies
801 2137 907 2205 fuerit
937 2134 1126 2204 indultum.
1180 2135 1263 2204 Non
1299 2133 1413 2203 solum

370 2265 489 2323 autem
507 2255 601 2335 huic,
620 2255 680 2323 sed
698 2255 806 2324 etiam
821 2256 850 2323 si
868 2256 945 2345 quis
960 2254 1050 2323 Filio
1068 2254 1219 2323 hominis
1236 2252 1414 2322 intulisset

369 2370 542 2459 injuriam,
573 2371 711 2439 veniam
743 2369 850 2439 dedit.
903 2368 940 2437 Si
975 2392 1058 2438 vero
1089 2367 1236 2459 Spiritui
1271 2367 1413 2449 Sancto,

370 2482 507 2551 duobus
525 2506 607 2552 eum
633 2484 789 2552 subdidit
814 2482 1024 2564 maledictis,
1042 2484 1077 2551 id
1096 2492 1151 2552 est
1170 2482 1288 2574 Moysi
1314 2481 1412 2573 legis,
1460 2545 1462 2550 .

370 2606 407 2664 et
424 2618 514 2677 suae;
542 2597 659 2687 Moysi
676 2598 819 2687 quidem
847 2597 883 2663 in
909 2596 1083 2685 praesenti,
1101 2619 1171 2663 suae
1197 2617 1279 2663 vero
1303 2596 1339 2662 in
1355 2595 1414 2685 ju·

371 2710 452 2778 dieii
471 2719 651 2801 tempore;
674 2713 723 2781 ait
741 2713 834 2779 enim
854 2711 913 2791 ita
933 2708 1069 2801 'Neque
1085 2710 1122 2777 io
1139 2707 1203 2778 hoo
1219 2706 1340 2789 secuto,
1358 2730 1415 2775 aa·

371 2846 434 2915 que
451 2821 625 2915 insutum
641 2823 888 2892 remitteturei.
939 2819 1057 2913 Moysi
1076 2844 1160 2912 ergo
1178 2820 1238 2889 lex
1256 2830 1320 2901 est,
1338 2842 1415 2910 quae

371 2937 584 3027 inpraesenti
611 2937 730 3006 seculo
748 2936 836 3005 nulli
855 2938 993 3005 veniam
1012 2935 1157 3016 tribuit3
1184 2933 1314 3004 Christi
1333 2957 1415 3003 vero

372 3061 434 3128 est,
452 3075 529 3142 quae
547 3052 702 3120 vindieat
720 3053 754 3119 in
778 3052 908 3120 futuro.
963 3049 1019 3118 Ex
1047 3050 1112 3118 hoe
1137 3051 1275 3119 intuere
1292 3071 1416 3139 quem·
1446 3033 1449 3038 ⁵

371 3166 560 3234 admodum
587 3167 771 3235 confirmat
798 3166 924 3256 legem,
943 3187 1012 3233 non
1040 3164 1153 3233 solum
1180 3186 1250 3232 non
1277 3162 1415 3234 solvens

371 3302 459 3358 eam,
478 3280 539 3348 sed
557 3281 717 3371 implens.
770 3280 938 3348 Redemit
956 3302 1039 3371 ergo
1057 3302 1117 3347 eos
1134 3279 1179 3347 ab
1197 3302 1249 3359 eo,
1266 3281 1359 3368 quod
1378 3280 1415 3348 in

371 3396 531 3483 praesenti
551 3397 704 3484 positum
723 3404 808 3474 erat,
827 3394 1016 3463 maledieto
1034 3393 1133 3485 legis,
1151 3416 1196 3462 ex
1218 3416 1287 3484 quo
1301 3391 1416 3462 Mate-

371 3506 498 3576 dictum
516 3505 599 3603 leyis
616 3506 831 3598 appellatum
851 3516 914 3575 est.
968 3505 1059 3575 Haee
1086 3508 1199 3576 omnis
1219 3506 1324 3597 hujus
1345 3528 1417 3576 ser-

371 3622 485 3689 monis
503 3630 557 3690 est
577 3622 677 3690 ratio.
730 3621 803 3689 Cur
819 3630 938 3689 autem
957 3628 967 3664 ³
983 3618 1100 3690 Virtus
1115 3621 1246 3712 peccati
1262 3620 1354 3689 diota
1370 3620 1417 3689 sit

371 3732 438 3816 tea,
456 3757 519 3825 pro
537 3734 668 3804 viribus
694 3736 821 3803 nostris
846 3734 1001 3802 breviter
1019 3756 1247 3823 exponemus.
1299 3732 1416 3824 Serip-

371 3858 448 3916 tum
467 3858 521 3916 est
539 3849 644 3930 enim,
661 3847 774 3935 ⁴Qnio
781 3847 878 3938 justo
895 3845 952 3916 lea
969 3870 1038 3916 nou
1067 3856 1115 3916 est
1136 3847 1260 3940 posito,
1278 3845 1339 3916 sed
1362 3848 1416 3915 in-

361 3962 479 4051 justis,
497 3970 528 4030 et
550 3984 618 4030 noo
641 3960 794 4042 subditis,
813 3961 942 4053 impiis,
962 3970 992 4030 et
1014 3958 1169 4030 scelestis.
1224 3959 1309 4028 Non
1332 3983 1416 4052 ergo

371 4084 447 4142 erat
464 4083 550 4143 tune
568 4074 628 4144 lex
646 4075 758 4144 literae
777 4076 891 4167 posita
908 4073 1193 4164 delinquentibus
1211 4080 1294 4142 ante
1313 4072 1418 4166 Moy-

372 4208 443 4267 sen,
463 4188 556 4256 unde
575 4197 611 4257 et
631 4188 767 4257 Pharao
784 4189 947 4279 ignorans
962 4189 1129 4255 virtutem
1146 4188 1296 4283 peceati.
1307 4185 1417 4254 delin-

372 4300 502 4389 quebat
525 4302 682 4394 affligens
707 4303 846 4392 injustis
869 4301 1032 4370 oneribus
1050 4300 1139 4369 filios
1157 4299 1275 4379 Israiss,
1294 4299 1418 4368 divini·

445 4519 451 4541 ¹
467 4514 540 4570 Mat.
556 4515 629 4571 xviii.
641 4534 691 4583 2¹·
775 4521 782 4543 ¹
799 4515 872 4570 Mat.
889 4514 937 4569 xii.
954 4531 1003 4584 32.
1089 4518 1098 4548 ³
1117 4531 1127 4567 1
1149 4512 1216 4567 Cor.
1232 4529 1279 4566 xv.
1296 4510 1343 4582 56.

805 4621 814 4646 ⁴
833 4629 842 4664 1
861 4610 935 4664 Tim.
950 4610 967 4663 i.
984 4629 1011 4682 9.
