3817 5692
801 697 1111 760 DISPUTATIO.
1438 695 1482 763 67

432 866 471 943 ἕν
489 872 569 963 εἰσι,
588 870 646 946 καὶ
664 865 706 947 τὸ
724 864 810 946 oiri
829 868 917 946 οἵτε
937 870 1160 970 Χριστιανοὶ,
1176 870 1235 945 καὶ
1254 872 1286 945 oi
1305 869 1480 963 Ἰουδαῖοι,

433 996 491 1072 καὶ
509 999 542 1072 οἱ
560 996 700 1089 ἐθνικοὶ,
719 992 782 1072 τὸν
801 993 908 1073 αὐτὸν
928 992 1024 1074 Θεὸν
1037 996 1218 1088 σέβοντες.
1260 997 1297 1071 ἐν
1315 992 1387 1094 γὰρ
1405 1001 1481 1077 ταῖς

432 1122 628 1220 ἐπιθυμίαις
656 1122 764 1201 αὐτοῦ
792 1119 954 1226 ἐξαπατᾷ
983 1119 1118 1215 αὐτοὺς,
1147 1121 1210 1199 οὐκ
1239 1119 1289 1198 ὧν
1313 1123 1482 1218 ἀληθείας

433 1245 535 1328 θεός.
585 1245 643 1324 διὰ
661 1254 766 1325 τοῦτο
785 1246 847 1324 οὖν
865 1243 947 1324 ὅσοι
976 1246 1028 1323 ἐπ’
1049 1247 1180 1323 ἐκεῖνον
1206 1244 1391 1347 ἐλπίζουσι
1418 1243 1481 1324 τὸν

433 1370 538 1466 θεὸν,
556 1370 619 1450 τὸν
636 1369 726 1467 μετὰ
746 1370 934 1457 Μωῦσέως
952 1369 1180 1468 λαλήσαντα,
1201 1372 1258 1449 καὶ
1285 1377 1357 1449 τῶν
1377 1375 1477 1472 Προ-

433 1503 568 1601 φητῶν,
586 1498 660 1595 μετ’
681 1497 789 1575 αὐτοῦ
814 1496 939 1599 ἐχουσι
965 1500 1118 1594 δεθῆναι,
1143 1495 1197 1575 ὅτι
1227 1497 1290 1574 οὐκ
1319 1495 1482 1593 ἤλπισαν

431 1625 489 1702 ἐπὶ
515 1623 579 1702 τὸν
606 1620 701 1703 Θεὸν
726 1626 789 1720 τῆς
818 1624 999 1719 ἀληθείας·
1030 1625 1157 1704 ἐκεῖνος
1192 1621 1264 1723 γὰρ
1297 1620 1389 1700 κατὰ
1418 1622 1482 1705 τὰς

431 1749 615 1847 ἐπιθυμίας
633 1749 749 1827 αὐτῶν
766 1747 926 1846 ἐλάλησε
946 1750 1021 1844 μετ’
1041 1749 1169 1828 αὐτῶν.
1203 1747 1294 1843 μετὰ
1308 1747 1346 1826 δέ
1361 1748 1481 1827 πάντα

405 1911 408 1917 ·
431 1881 543 1952 ταῦτα
561 1876 618 1953 ἐπὶ
636 1876 730 1952 τέλει
749 1875 856 1973 λέγει,
875 1872 992 1956 καθὼς
1012 1870 1117 1956 αὐτὸς
1136 1874 1306 1977 ἔγραψεν,
1322 1876 1342 1952 ὃ
1358 1880 1480 1976 Πρεσ-

431 2001 552 2100 βύτης,
572 2000 659 2079 ὅσον
676 2005 848 2105 προφανῇ
868 2001 977 2078 αὐτοῦ
992 1998 1057 2097 τὴν
1077 1998 1202 2097 εἰκόνα,
1222 1998 1302 2079 τότε
1326 2003 1479 2099 ὁὨμο-

431 2124 543 2230 φόρος
562 2127 714 2232 ἀφίησιν
733 2124 802 2231 ἔξω
821 2124 887 2223 τὴν
905 2129 986 2225 γῆν,
1004 2129 1062 2202 καὶ
1086 2127 1197 2209 οὕτως
1215 2124 1411 2205 ἀπολύεται
1439 2125 1480 2206 τὸ

430 2251 524 2353 μέγα
541 2261 624 2354 πῦρ,
646 2255 703 2331 καὶ
722 2252 810 2331 ὅλον
829 2252 1016 2330 ἀναλίσκει
1036 2249 1098 2330 τὸν
1117 2250 1268 2348 κόσμον.
1313 2248 1389 2331 εἶτα
1403 2251 1457 2332 ποί
1462 2299 1478 2311 -

431 2498 527 2575 atquc
550 2492 634 2555 idem
657 2499 733 2556 sunt
748 2491 932 2568 Christiani,
975 2492 1148 2555 secundum
1210 2492 1479 2575 concupiscentias

432 2583 465 2640 st
484 2576 508 2639 J
510 2578 603 2656 udaei,
625 2584 658 2640 et
681 2576 834 2651 kGentes,
859 2599 933 2640 cun·
975 2599 1049 2639 suns
1085 2577 1209 2640 locutus
1241 2584 1291 2640 est
1321 2599 1392 2639 cum
1422 2578 1476 2641 eis.

431 2663 503 2727 dem
518 2662 622 2726 Deum
638 2662 795 2737 colentes3
817 2663 850 2724 in
861 2683 934 2725 con·
976 2661 1057 2724 Post
1072 2661 1140 2725 haec
1155 2683 1229 2724 vero
1245 2662 1352 2725 omnis
1369 2663 1411 2725 ad
1434 2664 1478 2724 ul-

431 2748 633 2831 cupiscentiis
651 2748 734 2811 enim
756 2748 821 2810 suis
843 2748 933 2810 sedu-
976 2746 1088 2809 timum
1129 2746 1217 2820 dicit,
1262 2746 1375 2810 msicut
1411 2748 1479 2830 ipso

432 2832 476 2899 cit
501 2854 565 2908 eos,
587 2833 662 2917 quia
683 2855 747 2895 non
772 2842 821 2896 est
847 2832 934 2895 Deus
975 2831 1113 2914 scripsit,
1145 2831 1249 2893 senior
1279 2852 1350 2893 cum
1380 2833 1479 2894 mnni-

430 2917 582 2981 veritntis.
607 2919 746 3002 Propter
771 2917 831 2980 hoc
857 2938 933 3001 crgo
976 2915 1091 2979 festum
1125 2915 1235 2978 feccrit
1265 2916 1333 3000 ejus
1368 2916 1475 2999 imagi-

431 3002 608 3087 quicunque
642 3003 675 3066 in
711 3001 799 3064 illum
829 3001 933 3065 Deum
976 3023 1058 3073 nem,
1087 3008 1162 3065 tunc
1188 3000 1254 3085 ipso
1276 3000 1479 3084 Omophorus

431 3084 593 3172 ‘sperant
603 3087 655 3171 qui
672 3109 745 3150 cum
759 3088 871 3170 Moyse
886 3086 932 3149 lo·
976 3094 1069 3149 extro
1086 3108 1120 3149 se
1142 3094 1261 3149 terram
1278 3085 1479 3169 derelinquit,

431 3180 524 3237 cutus
539 3180 600 3248 est,
614 3179 648 3236 ct
664 3171 844 3256 Prophetis,
861 3193 933 3235 cum
975 3178 1009 3234 ct
1023 3170 1071 3234 itn
1086 3170 1261 3234 dimittitur
1275 3193 1409 3255 magnus
1426 3172 1478 3235 ille

430 3258 500 3342 ipso
528 3257 648 3321 habent
676 3256 806 3320 vinculis
835 3255 932 3330 trudi,
975 3256 1067 3339 ignis,
1098 3255 1152 3338 qui
1182 3258 1333 3318 mundum
1363 3278 1475 3320 consu-

431 3343 506 3425 quia
549 3364 613 3406 non
656 3351 863 3425 speraverunt
900 3342 932 3403 in
973 3347 1042 3404 mat
1056 3341 1256 3411 universum
1281 3341 1395 3404 deinde
1419 3342 1477 3406 ite·

430 3428 537 3491 Deum
567 3427 731 3499 veritatis3
767 3426 818 3489 ille
848 3426 931 3488 eninr
973 3426 1476 3510 mmfldimittuntsnimom,quae

470 3643 487 3687 ¹¹
502 3646 601 3703 Codex
617 3645 787 3709 Casinensis,
802 3646 901 3702 Gentes
915 3664 995 3700 unum
1006 3646 1101 3701 Deum.
1126 3644 1226 3701 Codex
1241 3654 1337 3702 nutem
1352 3647 1476 3704 Bobien-

430 3742 477 3808 sis,
495 3740 615 3797 Gentiles
635 3741 744 3797 eundem
765 3741 863 3803 Deum,
886 3758 968 3813 quom
983 3739 1145 3803 lectionem,
1169 3757 1295 3796 consona
1316 3759 1381 3797 cum
1402 3749 1478 3800 esset

429 3855 524 3912 graeco
538 3836 613 3911 apud
627 3836 816 3910 Epiphanium
831 3837 932 3902 textui,
948 3855 1002 3891 nos
1016 3835 1192 3892 retinuimus.

469 3932 478 3975 ¹
492 3933 571 3990 Male
586 3933 685 3990 Codex
701 3932 859 3998 Bobiensis,
876 3933 941 4004 (for.
954 3932 1131 4003 casinensis)
1147 3941 1285 4006 superant.

469 4042 494 4073 ¹¹¹
520 4030 693 4094 casinensis,
716 4037 744 4085 et
769 4029 917 4085 Bobiensis
940 4028 1053 4084 codices
1077 4028 1194 4092 habent,
1216 4029 1286 4084 sicut
1308 4029 1366 4102 ipse
1388 4031 1477 4085 senior

427 4127 547 4201 scripsit.
582 4126 647 4182 Cum
670 4124 852 4198 manifestam.
895 4125 935 4180 At
960 4142 1013 4179 nos
1037 4142 1073 4179 ex
1101 4123 1260 4195 Epiphanio
1288 4124 1371 4179 nnius
1398 4126 1477 4181 vocis

428 4222 647 4297 transpositione
673 4221 768 4277 locum
796 4221 979 4277 restituimus.
1021 4219 1124 4276 Senior
1148 4228 1242 4276 sutem
1267 4220 1324 4282 ille,
1348 4219 1403 4277 hoc
1422 4230 1475 4285 est,

427 4318 614 4391 πρεσβύτερος,
629 4318 704 4374 idem
719 4335 781 4373 esse
796 4317 906 4373 videtur
920 4335 985 4372 cum
1001 4334 1044 4384 eo,
1060 4334 1144 4390 quem
1166 4315 1239 4371 infra
1260 4315 1399 4372 seniorem
1418 4326 1475 4373 ter·

427 4415 497 4472 tinm
509 4423 602 4472 vocat.
638 4416 778 4471 Praetcres
792 4414 883 4471 codex
897 4413 1055 4478 Bobiensis,
1071 4432 1123 4487 pro
1128 4413 1244 4487 fecerit,
1259 4413 1467 4485 habetfeceris.

468 4520 486 4553 ὓ
504 4508 604 4569 Codex
619 4510 777 4575 Bobiensis,
793 4511 940 4566 dimittitur
954 4510 1052 4575 animo,
1068 4527 1125 4583 qms
1146 4508 1216 4564 obici
1230 4525 1262 4563 or
1279 4509 1351 4564 inter
1364 4510 1483 4565 medinm<

426 4608 488 4663 noui
508 4608 601 4664 seculi.
637 4607 737 4664 Graece
758 4615 871 4673 sonant,
893 4606 986 4662 deinde
1007 4606 1104 4662 iterum
1119 4604 1223 4680 piebem
1243 4621 1309 4659 novo
1329 4622 1387 4660 cum
1406 4622 1486 4670 none

922 4723 944 4762 K
962 4719 980 4765 2
