3817 5692
793 713 1104 777 DISPUTATIO.
1430 713 1473 780 89

427 905 547 974 poenas
569 905 633 974 pro
658 883 793 952 meritis
818 884 1073 974 penderemus3
1104 884 1248 954 forsitan
1274 884 1369 953 enim
1392 906 1473 976 pec-

427 1007 548 1069 cantes
568 998 824 1092 ignorabamus,
842 1005 905 1065 aut
922 996 1032 1066 etiam
1048 1003 1278 1089 agnoscentes
1295 1019 1365 1066 non
1383 996 1473 1067 desi-

428 1114 609 1184 nebamus.
660 1113 704 1182 ln
734 1112 795 1183 illa
824 1114 934 1206 igitur
963 1112 1050 1182 hora
1079 1112 1196 1182 subito
1226 1111 1381 1181 militum
1408 1135 1473 1183 nos

428 1228 621 1300 multitudo
647 1228 855 1309 circumdat,
880 1236 922 1296 ut
951 1228 1096 1310 aestimo,
1122 1235 1289 1320 putantes
1316 1250 1380 1297 nos
1409 1250 1472 1319 pro

427 1343 561 1415 insidiis
591 1344 798 1424 consedisse,
827 1351 890 1413 aut
921 1344 1065 1412 omnino
1094 1365 1198 1413 usum
1228 1343 1285 1412 vel
1316 1344 1474 1413 studium

428 1458 559 1529 habere
584 1459 808 1552 praeliorum3
834 1467 872 1528 et
894 1457 993 1529 nulla
1016 1466 1211 1528 conventus
1234 1459 1343 1529 nostri
1369 1481 1474 1529 causa

428 1576 570 1667 penitus
587 1575 780 1667 explorata,
797 1574 930 1645 bellum
948 1574 1050 1644 nobis
1072 1575 1297 1657 denunciant,
1314 1597 1386 1644 non
1403 1597 1475 1645 ser·

429 1712 545 1774 mone,
571 1693 632 1761 sed
658 1691 786 1784 gladio,
813 1699 851 1761 et
876 1690 1049 1771 homines,
1075 1690 1136 1780 qui
1165 1690 1328 1780 injuriam
1358 1688 1474 1759 facere

430 1805 594 1895 cuiquam
618 1828 690 1876 non
714 1806 912 1888 didicimus,
930 1805 1006 1875 sine
1024 1804 1098 1874 ulla
1117 1802 1355 1874 misericordia
1370 1804 1475 1873 ‘mis-

430 1918 590 1991 sibilibus
625 1919 824 2003 vulnerant,
853 1920 963 1990 hastis
996 1919 1214 1999 confodiunt,
1248 1918 1474 1989 mucronibus

424 2036 603 2129 jugulant.
667 2035 717 2106 Et
749 2036 1004 2106 interfecerunt
1038 2034 1182 2126 quidem
1216 2057 1261 2103 ex
1295 2034 1397 2103 nobis
1430 2035 1475 2104 ad

431 2150 529 2221 mille
550 2159 726 2221 trecentos
750 2152 851 2233 viros,
869 2149 1143 2219 vulneraverunt
1165 2156 1285 2219 autem
1303 2150 1475 2243 quingen·

431 2276 497 2336 tos.
549 2266 643 2338 Cum
668 2290 752 2337 vero
777 2268 853 2337 dies
877 2266 1051 2347 inclaruit,
1069 2266 1130 2356 qui
1156 2266 1402 2357 superfuerant
1428 2289 1474 2336 ex

431 2383 544 2468 uobis,
562 2382 632 2454 huc
654 2384 898 2475 perduxerunt
920 2381 1087 2474 captivos,
1101 2403 1167 2450 nec
1184 2382 1234 2451 sic
1251 2382 1396 2472 quidem
1412 2381 1475 2452 ali-

431 2499 637 2588 quidnobis
659 2498 905 2569 misericordiae
926 2498 1181 2568 concedentes:
1207 2497 1361 2590 agebant
1378 2498 1474 2568 enim
1545 2585 1548 2589 λ

432 2635 495 2683 nos
520 2622 603 2685 ante
630 2636 749 2706 equos,
767 2612 950 2684 hastilium
976 2611 1179 2682 verberibus
1205 2612 1414 2694 stimulatos,
1438 2621 1476 2682 et

431 2750 602 2819 equorum
620 2729 794 2799 frontibus
809 2726 991 2819 impulsos.
1035 2724 1084 2795 Et
1101 2726 1304 2817 perduravit
1320 2713 1474 2816 quidem,

432 2846 540 2915 sicui
558 2847 649 2915 vires
671 2845 816 2915 fuerunt
839 2843 1024 2923 tolerandi,
1042 2840 1182 2933 plurimi
1202 2862 1284 2910 vero
1310 2850 1393 2911 ante
1415 2865 1477 2913 ors

432 2961 656 3031 dominorum
685 2959 881 3031 crudelium
911 2957 1149 3042 concidentes,
1175 2957 1309 3027 animas
1336 2956 1479 3027 exhala-

433 3076 539 3160 bant3
565 3077 761 3168 pendentes
783 3075 951 3145 uberibus
974 3072 1137 3165 parvulos
1159 3095 1240 3143 suos
1257 3082 1399 3156 matres,
1418 3072 1480 3143 de·

434 3192 589 3285 fatigatis
616 3217 657 3264 ao
683 3192 834 3262 dimissis
864 3212 970 3261 onere
999 3189 1160 3270 brachiis,
1188 3188 1288 3258 humi
1317 3188 1479 3258 decidere

434 3308 607 3390 sinebant,
633 3308 775 3399 agitata
804 3306 1068 3397 insequentium
1097 3304 1226 3385 minis3
1257 3304 1370 3372 omnis
1395 3325 1478 3372 vero

435 3422 553 3492 senilis
576 3430 660 3492 retas
678 3424 771 3491 victa
795 3420 982 3501 laboribus,
1000 3443 1041 3490 ac
1061 3419 1215 3490 resoluta
1235 3442 1297 3510 per
1314 3420 1480 3503 inediam,

435 3538 620 3608 corruebat
643 3539 677 3606 in
703 3546 843 3606 terram.
896 3535 1049 3627 Superbi
1067 3559 1150 3606 vero
1173 3534 1303 3605 milites
1320 3536 1388 3605 hoc
1405 3545 1480 3605 tam

436 3661 583 3723 cruento
607 3651 858 3722 collabentium
882 3650 1094 3743 spectaculo,
1111 3659 1280 3740 tanquam
1297 3649 1481 3742 voluptate

436 3766 564 3857 aliqua,
581 3767 798 3848 fruebantur,
822 3789 903 3836 oum
930 3764 1017 3836 alios
1043 3766 1249 3835 deficientes
1272 3766 1380 3835 sterni
1406 3766 1481 3836 solo

437 3891 632 3964 cernerent,
649 3883 685 3950 in
708 3880 784 3951 aliis
810 3881 886 3951 sitis
911 3881 1094 3950 ardoribus
1119 3881 1285 3972 fatigatis,
1303 3880 1483 3950 intueren-

437 4004 497 4065 tur
521 3997 629 4067 etiam
656 3998 751 4066 vocis
775 4004 945 4075 meatum,
970 4006 1150 4066 arescente
1177 3995 1305 4087 linguae
1331 3995 1480 4088 glutino,

436 4111 639 4202 praepediri3
668 4110 753 4180 alios
776 4133 860 4179 vero
885 4110 1056 4191 viderent,
1074 4110 1249 4181 conversis
1275 4118 1356 4201 post
1381 4118 1481 4202 terga

438 4227 556 4308 oculis,
574 4226 812 4319 expirantium
835 4225 1062 4317 parvulorum
1082 4247 1225 4296 suorum
1249 4227 1483 4319 ingemiscen-

438 4350 494 4411 tes
519 4343 646 4423 exitiis,
672 4362 754 4410 oum
785 4338 837 4408 illi
863 4339 1119 4411 infelicissimas
1148 4349 1279 4410 matres
1306 4340 1482 4434 vagitibus

439 4456 679 4536 inclamarent,
702 4454 772 4526 illae
796 4476 879 4522 vero
905 4456 1109 4545 praedonum
1135 4455 1386 4525 acerbitatibus
1411 4453 1484 4545 agi·

730 4706 747 4751 s
763 4696 886 4754 Barbara
900 4716 956 4753 vox
970 4716 1022 4771 pro
1036 4697 1192 4753 missilibus.
