3817 5692
625 680 688 743 DE
713 678 1098 744 REBAPTISMATE
1124 677 1283 743 LIBER.
1415 681 1480 743 285

427 876 511 922 usus
537 861 591 922 est
619 852 794 923 Labbaeus
825 854 860 922 iu
891 853 1048 923 editione
1074 850 1328 939 Consiliorum)
1350 853 1482 922 autori-

429 978 504 1039 tate
522 970 635 1050 uixns,
649 968 814 1038 ascribit:
834 970 890 1037 cui
909 969 1108 1049 sententiae,
1123 977 1164 1037 ut
1181 966 1355 1037 calculum
1375 991 1482 1060 appo·

428 1107 565 1166 namus,
589 1085 647 1153 vix
674 1084 822 1153 anobis
848 1085 1029 1175 impetrari
1055 1091 1183 1175 potest.
1238 1082 1481 1174 Praeterqnanr

428 1198 537 1279 enim,
567 1197 662 1287 quod
692 1197 928 1269 incalescente
958 1198 1073 1268 adbuc
1104 1200 1343 1269 controversia
1375 1201 1483 1290 scrip·

427 1314 522 1393 sisse,
541 1321 579 1381 et
602 1313 644 1382 ad
670 1312 917 1405 Episcopalem
943 1313 1102 1383 ordinem
1128 1323 1304 1404 spectasse
1322 1315 1483 1384 videatur

429 1438 532 1497 autor
557 1436 698 1509 noster3
727 1427 877 1497 Ursinus
899 1428 1008 1516 (teste
1026 1428 1228 1521 Gennadio)
1252 1429 1335 1498 huic
1361 1431 1481 1522 impri-

428 1543 497 1611 mis
513 1541 695 1633 probando
720 1542 884 1612 incubuit
904 1540 984 1612 illus
1008 1565 1078 1611 uon
1100 1565 1177 1613 esse
1203 1543 1481 1635 rebaptizandos,

428 1655 489 1745 qui
513 1654 550 1722 in
575 1655 718 1723 nomine
735 1654 791 1724 vel
812 1654 1020 1746 simpliciter
1035 1655 1178 1738 Christi,
1198 1656 1253 1726 vel
1276 1657 1312 1725 in
1339 1658 1482 1727 nomine

428 1770 556 1851 Patris,
589 1768 679 1851 Filii,
711 1779 749 1839 et
779 1770 934 1863 Spiritus
964 1770 1002 1840 S.
1033 1771 1194 1863 quamvis
1224 1795 1331 1864 pravo
1365 1795 1481 1854 sensu,

429 1885 599 1977 baptizati
626 1886 781 1956 fuerint:
808 1885 904 1977 quod
933 1887 971 1955 in
996 1885 1188 1979 Anonymo
1218 1896 1338 1957 nostro
1368 1888 1484 1956 neuti-

429 2023 533 2090 quam
553 2002 684 2072 diserte
702 2003 886 2094 reperitur‚
905 2024 1012 2094 quem
1036 2001 1120 2072 licet
1142 2002 1214 2073 tale
1232 2002 1315 2094 quid
1334 2002 1482 2072 sensisse

427 2116 694 2186 concedendum
713 2117 769 2198 sit,
788 2116 884 2186 aliud
906 2131 1027 2187 tamen
1050 2115 1111 2186 ille
1136 2125 1387 2210 argumentum
1405 2115 1482 2185 elu-

428 2228 618 2299 cidandum
636 2230 801 2322 suscepit.
854 2230 960 2313 Quod
978 2254 1062 2301 vero
1082 2253 1157 2300 rem
1176 2232 1271 2299 omui
1295 2230 1480 2302 dubitandi

429 2345 564 2413 ratione
589 2346 726 2425 eximit,
754 2343 935 2438 Anonymi
962 2354 1082 2416 nostra
1107 2355 1213 2415 aetate
1238 2346 1377 2417 crebras
1402 2370 1480 2438 per-

427 2459 626 2528 secutiones
651 2460 686 2528 in
714 2458 896 2529 ecclesiam
921 2469 1095 2552 grassatae
1117 2483 1204 2542 esse,
1223 2462 1415 2531 innumeris
1440 2462 1482 2531 li-

427 2572 521 2654 belli,
541 2574 586 2642 de
611 2597 681 2665 quo
705 2575 832 2667 agitur,
850 2572 937 2644 locis
958 2575 1097 2644 ostendi
1124 2574 1254 2666 possit:
1282 2598 1363 2645 cum
1382 2575 1482 2646 Ursi·

428 2711 494 2758 nus
517 2687 578 2757 ille
600 2687 827 2759 aGenuadio
849 2691 942 2759 inter
963 2691 1027 2759 aevi
1051 2690 1168 2782 quarti
1186 2690 1262 2780 jam
1281 2690 1482 2759 inclinantis

428 2804 615 2893 scriptores
645 2804 828 2874 referatur.
881 2803 1047 2896 Denique
1073 2806 1196 2895 stylus,
1221 2812 1368 2895 totaque
1398 2806 1481 2874 scri-

428 2918 534 2988 bendi
557 2918 647 2987 ratio
664 2918 882 3001 Tertulliani,
900 2919 957 2989 vel
976 2919 1141 3011 Cypriani
1162 2926 1315 3001 aetatem,
1330 2921 1418 3022 ‘quin
1443 2929 1481 2989 et

428 3043 573 3127 gentem
604 3035 689 3103 satis
717 3044 840 3125 aperte
870 3037 998 3127 prodit.
1051 3034 1164 3104 Extat
1195 3035 1289 3104 inter
1315 3034 1480 3127 Cypriani

430 3172 546 3241 opera,
565 3148 675 3219 Paris.
696 3149 805 3221 1648.
825 3147 932 3222 1666.
951 3148 1068 3220 Oxou.
1089 3147 1197 3219 1682.

617 3402 714 3473 Insu
741 3404 882 3475 Gavius
898 3426 977 3496 pag.
997 3409 1081 3475 430.
1099 3406 1210 3496 ejusd.
1229 3405 1297 3476 vol.

479 3542 716 3626 URSINUS,
732 3555 841 3638 gente
858 3543 957 3626 Afer,
977 3545 1058 3614 vitre
1084 3546 1250 3614 instituto
1276 3544 1480 3615 monachus.

429 3656 566 3728 Claruit
589 3658 683 3727 circa
704 3681 837 3727 annum
856 3662 941 3726 440.
994 3656 1153 3751 Scripsit,
1171 3668 1264 3729 teste
1282 3657 1481 3739 Gennadio‚

427 3769 485 3841 De
500 3771 738 3866 Scriptoribns
756 3797 786 3843 c.
806 3778 865 3850 27.
884 3771 1047 3844 adanon
1069 3774 1203 3866 eosqui
1219 3772 1483 3868 rebaptizandos

430 3882 608 3956 haereticos
638 3884 833 3968 decernunt,
860 3884 983 3956 doceris
1009 3884 1271 3981 rebaptizandos
1302 3910 1370 3958 non
1402 3910 1480 3966 esre,

429 3998 490 4091 qni
516 4000 554 4068 in
580 3999 718 4069 nornine
739 3998 792 4070 nel
813 3997 1018 4092 simpliciter
1036 3998 1183 4084 Christi,
1206 4000 1259 4072 vel
1282 4003 1320 4071 in
1346 4004 1483 4071 nomine

428 4112 564 4196 Patria
581 4112 683 4196 Filii,
701 4122 733 4183 et
749 4113 907 4208 Spiritus
923 4112 1057 4197 Sancti,
1075 4117 1231 4209 quamuis
1243 4139 1482 4210 monoceron,

428 4227 705 4322 rebaptizentur:
742 4229 789 4299 iis
818 4236 930 4299 antem
959 4240 1040 4323 post
1072 4229 1261 4326 simplicem
1295 4230 1482 4303 Trinitatis

430 4343 675 4438 consessionem
699 4347 849 4438 sufficere
872 4344 920 4416 ad
942 4345 1084 4417 anetem
1111 4371 1274 4418 mannam
1292 4347 1483 4440 Episcopa-

432 4459 517 4531 linm
548 4461 810 4555 impositionem.
864 4461 973 4533 Hunc
1003 4463 1123 4534 Ursini
1153 4460 1301 4532 libellum
1328 4463 1481 4532 eundern

432 4599 514 4646 cum
550 4578 713 4667 anonymi
749 4586 902 4648 tractatu
941 4602 962 4647 a
998 4577 1155 4670 Rigaltio
1189 4579 1283 4646 inter
1317 4577 1480 4669 Cypriani
