3817 5692
522 689 591 754 aot
721 689 785 751 DE
811 685 1192 751 REBAPTISMATE
1217 686 1374 750 LIBER.

524 887 587 957 gra
621 884 721 954 posse
754 862 946 954 pervenire.
1003 860 1121 944 Quam
1156 867 1276 931 tamen
1311 861 1573 930 invocationem

525 978 676 1047 nominis
698 975 796 1058 Jesu,
818 978 1038 1048 correctione
1064 978 1189 1046 erroris
1217 986 1255 1045 et
1284 974 1463 1069 agnitione
1489 973 1575 1043 fidei

524 1094 692 1176 veritatis,
719 1103 757 1164 et
786 1095 922 1165 abscisa
947 1094 1043 1163 omni
1070 1091 1149 1161 labe
1180 1092 1365 1183 praeteritoe
1390 1100 1576 1160 conversa·

524 1208 639 1290 tionis,
657 1210 825 1302 mysterio
843 1209 912 1277 Dei
933 1208 1027 1278 circa
1043 1206 1216 1299 ejusmodi
1233 1206 1393 1276 homines
1409 1206 1477 1275 rita
1494 1228 1575 1297 per·

522 1333 708 1416 petratam,
727 1324 846 1395 locum
869 1345 977 1416 quem
1000 1321 1164 1392 habitura
1187 1345 1258 1391 non
1283 1333 1370 1405 erat,
1388 1322 1573 1404 obtinere;

466 1430 471 1438 ’
523 1449 561 1509 et
587 1449 765 1532 postremo
792 1440 828 1508 iu
854 1439 925 1509 fide
953 1446 1060 1519 reeta,
1084 1445 1122 1507 et
1144 1438 1189 1507 ad
1212 1437 1454 1530 integritatem
1479 1437 1571 1529 signi

522 1559 752 1647 praestandam
778 1580 849 1627 non
872 1556 1006 1637 obesse,
1024 1552 1272 1647 supplemento
1295 1554 1370 1645 ejus
1392 1552 1485 1643 quod
1510 1552 1573 1621 de-

515 1681 599 1743 -erat
628 1672 840 1755 accedenta;
866 1693 1036 1763 perquam
1065 1668 1155 1740 utile
1185 1680 1241 1740 est
1269 1669 1422 1751 credere,
1448 1676 1486 1737 et
1513 1675 1571 1737 tot

522 1810 704 1869 annorum,
728 1796 854 1880 totque
879 1786 1120 1868 eeclesiarum,
1146 1786 1304 1876 itemque
1329 1780 1571 1875 apostolorum

523 1909 560 1971 et
577 1902 820 1993 episcoporum
838 1899 1041 1984 auctoritati
1058 1921 1141 1970 oum
1159 1899 1252 1969 bona
1272 1899 1408 1967 ratione
1424 1896 1573 1987 adquie-

521 2036 641 2095 scere3
668 2039 749 2085 oum
777 2018 822 2086 sit
850 2015 1048 2084 maximum
1073 2014 1337 2084 incommodum
1362 2035 1403 2083 ao
1429 2012 1572 2103 dispeu-

414 2143 417 2148 “
522 2132 619 2201 dium
654 2132 879 2202 sanctissima
913 2130 1038 2201 matris
1071 2128 1227 2200 ecclesia
1261 2129 1426 2199 adversus
1454 2128 1571 2220 prisca

521 2244 692 2329 consulta,
718 2255 798 2338 post
827 2254 883 2316 tot
912 2247 1112 2316 seculorum
1142 2253 1279 2316 tantam
1308 2245 1445 2328 seriem,
1472 2266 1572 2315 nune

445 2359 448 2364 ’
522 2361 674 2452 primum
710 2370 857 2453 repente
890 2384 932 2432 ao
966 2362 1042 2431 sine
1076 2362 1213 2430 ratione
1246 2360 1435 2453 insurgere.
1467 2358 1570 2429 'Neo

521 2476 616 2545 enim
643 2486 786 2569 propter
810 2475 908 2546 aliud
934 2474 1071 2558 Petrus,
1090 2477 1149 2568 qui
1169 2476 1245 2567 jam
1271 2476 1387 2544 fuerat
1412 2475 1572 2566 baptiza·

521 2600 590 2671 tus,
617 2600 655 2660 et
684 2593 769 2683 quid
798 2592 947 2662 sentiret
976 2593 1021 2662 de
1048 2591 1204 2662 Domino
1233 2590 1278 2662 ab
1310 2592 1385 2683 ipso
1411 2590 1571 2660 Domino

522 2716 599 2776 erat
621 2708 866 2800 interrogatus,
884 2715 922 2777 et
941 2708 1091 2777 veritate
1113 2705 1344 2777 revelationis
1360 2704 1475 2775 Patris
1497 2728 1572 2775 coe·

444 2868 449 2879 ·
520 2822 619 2894 lestis
648 2824 685 2892 in
710 2845 792 2892 eum
819 2820 1003 2904 collocata,
1029 2823 1124 2913 quod
1152 2821 1327 2892 Dominus
1352 2830 1470 2893 noster
1495 2844 1570 2891 non

358 2913 408 2946 ’γ’
449 2930 455 2944 '
521 2935 636 3006 solum
662 2935 831 3019 Christus,
859 2959 981 3006 verum
1009 2938 1117 3007 etiam
1145 2937 1255 3007 Filius
1281 2936 1351 3006 Dei
1377 2937 1447 3005 vivi
1473 2949 1570 3007 esset

519 3052 708 3133 confessus,
733 3052 957 3145 postmodum
985 3054 1102 3124 eidem
1125 3053 1267 3124 Christo
1293 3054 1494 3144 praedioanti
1522 3056 1569 3124 de

517 3190 583 3238 sua
598 3169 758 3261 passione
776 3169 972 3261 refragatus
993 3192 1069 3239 esse
1093 3176 1309 3239 monstratus
1326 3177 1390 3249 est,
1408 3176 1445 3238 et
1462 3191 1570 3260 prop·

519 3292 617 3353 terea
643 3282 791 3353 Satanas
816 3284 886 3352 dici
911 3292 1073 3353 ostensus
1100 3293 1175 3365 est;
1202 3284 1267 3354 nisi
1297 3284 1379 3375 quia
1406 3282 1570 3351 futurum

519 3408 607 3482 erat,
624 3407 665 3468 ut
688 3400 831 3491 quidam
857 3401 999 3468 tametsi
1024 3400 1197 3469 variantes
1222 3400 1259 3469 in
1285 3399 1461 3469 sententia
1485 3407 1569 3489 pro‘-

519 3514 602 3603 pria,
630 3522 667 3583 et
696 3512 935 3584 claudicantes
965 3513 1153 3606 aliquando
1183 3515 1219 3583 in
1246 3515 1316 3584 fide
1346 3523 1452 3606 atque
1482 3514 1569 3583 doc-

519 3628 619 3710 trina,
643 3652 724 3698 cum
751 3630 787 3698 in
813 3630 957 3698 nornine
977 3629 1065 3698 Jesu
1091 3630 1363 3720 baptizarentur,
1389 3638 1508 3698 tamen
1536 3630 1567 3698 si

517 3744 703 3814 intervallo
732 3746 886 3836 quodam
915 3748 1084 3837 temporis
1106 3746 1330 3840 'recorrigere
1364 3745 1400 3813 id
1430 3746 1566 3836 potuis·

515 3868 605 3940 sent,
629 3883 699 3930 non
726 3870 911 3953 propterea
933 3886 954 3931 a
981 3861 1094 3932 salute
1115 3863 1344 3943 exciderent3
1367 3862 1427 3930 sed
1455 3883 1568 3951 quan-

516 3974 633 4065 doque
666 3976 903 4067 resipuissent,
938 3977 1111 4070 integram
1152 3986 1250 4068 spem
1291 3977 1413 4047 salutis
1452 3976 1567 4065 poeni·

467 4075 474 4090 ⁸
514 4090 625 4157 tendo
647 4090 868 4174 obtinerent3
890 4092 1081 4183 prasertim
1099 4115 1181 4161 curn
1200 4090 1372 4183 Spiritum
1390 4097 1564 4169 sanctum,

515 4226 586 4293 quo
609 4204 776 4295 baptizari
805 4208 1046 4298 unusquisque
1072 4207 1257 4276 hominum
1284 4207 1401 4285 debet,
1427 4205 1566 4296 accipe-

513 4317 605 4400 rent,
637 4318 783 4409 ¹aliquid
816 4319 886 4391 tale
918 4321 1182 4414 designassent;
1212 4323 1316 4391 sicuti
1346 4342 1415 4389 non
1446 4319 1564 4388 solum

556 4551 564 4574 ¹
579 4544 683 4618 aliquid
704 4545 760 4633 tale
782 4545 992 4621 designassent]
1018 4546 1084 4602 For.
1100 4546 1264 4621 legendum,
1279 4545 1384 4621 aliquid
1401 4544 1455 4601 tole
1472 4544 1563 4620 desip-

514 4640 628 4695 nandum
643 4649 721 4706 esset,
737 4650 765 4699 et
780 4662 845 4699 curn
860 4642 1044 4716 sequentibus
1058 4642 1299 4716 conjungendum.
