3817 5692
643 702 886 765 RESPONSA
911 702 978 764 AD
1001 704 1265 766 EPISCOPOS.
1410 704 1474 767 263

426 883 502 942 erat
513 873 717 964 Cyprianus,
732 896 804 942 non
822 883 876 943 est
889 876 1086 944 contrarius
1102 876 1277 966 baptismo
1296 898 1401 966 quem
1416 876 1476 945 da-

427 987 512 1056 bant
529 989 639 1078 iniqui
657 988 708 1057 illi
727 990 788 1079 qui
802 990 949 1058 oderant
967 989 1128 1072 Paulum,
1143 1013 1230 1080 quos
1247 1013 1317 1059 non
1336 990 1476 1061 haereti-

427 1124 495 1183 cos,
509 1104 570 1171 sed
589 1102 699 1172 malos
716 1102 909 1173 catholicos
923 1103 1118 1196 Cyprianus
1135 1104 1324 1198 intelligit:
1342 1115 1475 1175 etcum

426 1218 612 1287 contrariae
636 1218 702 1288 sibi
726 1220 797 1288 sint
817 1219 1037 1289 continentia
1054 1243 1131 1310 quae
1148 1220 1217 1288 fuit
1235 1222 1270 1288 in
1290 1219 1475 1311 Cypriam,

427 1341 464 1400 et
484 1332 630 1401 avaritia
654 1356 730 1424 quac
757 1334 826 1403 fuit
847 1336 883 1402 in
905 1333 1050 1425 collegis
1068 1332 1254 1426 Cypriani;
1281 1335 1477 1425 baptismus

427 1453 547 1514 tamen
561 1468 666 1534 quem
678 1445 873 1537 Cyprianus
885 1448 1001 1529 dabat,
1015 1470 1084 1517 uon
1096 1457 1172 1517 erat
1183 1451 1378 1517 contrarius
1391 1448 1477 1538 bap·

427 1559 532 1628 tismo
556 1581 661 1649 quem
683 1559 735 1628 illi
756 1561 899 1643 dabant,
917 1562 979 1630 sed
997 1585 1088 1631 unus
1109 1572 1147 1631 et
1169 1563 1283 1631 idem:
1311 1563 1392 1653 quia
1415 1560 1637 1651 illaiamne

428 1673 586 1764 baptizat
603 1674 647 1744 de
664 1697 735 1765 quo
752 1672 889 1744 dictum
907 1686 972 1757 est,
990 1675 1073 1767 Ipse
1091 1685 1144 1746 est
1162 1678 1221 1767 qui
1240 1678 1408 1767 baptizat.

479 1788 691 1859 Saturninus
716 1813 737 1859 a
761 1788 970 1860 Victoriana
995 1792 1106 1861 dixit:
1132 1789 1177 1862 Si
1204 1789 1282 1861 licet
1306 1787 1476 1860 hereticis
1486 1809 1549 1857 aar.
1565 1822 1603 1869 15.

428 1901 610 1997 baptizare,
629 1906 782 1974 cannati
806 1914 886 1974 sant
909 1911 941 1975 et
965 1904 1098 2000 defossi
1125 1904 1264 1976 ¹lllicita
1279 1903 1475 1999 facientes:

428 2045 488 2091 aec
504 2020 601 2092 video
619 2045 725 2115 quare
741 2044 796 2092 aas
813 2030 873 2092 aat
891 2020 1054 2095 Christus
1077 2022 1293 2093 adversarios
1309 2044 1400 2105 suas,
1418 2031 1478 2093 aut

427 2135 614 2231 Apostolus
631 2135 851 2207 antichristos
869 2136 1102 2231 appellaverit.

479 2251 575 2320 Huic
599 2254 851 2343 respondeturr
878 2251 939 2321 Sic
966 2254 1115 2322 dicimus
1141 2276 1210 2322 nou
1237 2252 1343 2323 licere
1369 2252 1477 2322 haero-

429 2365 508 2434 ticis
530 2365 718 2455 baptizare,
736 2366 914 2454 quomodo
936 2367 1087 2436 dicimus
1112 2390 1183 2437 non
1210 2366 1316 2437 licere
1339 2368 1477 2437 frauda-

429 2480 564 2549 toribus
590 2479 779 2570 haptizare.
827 2480 910 2549 Non
933 2483 1028 2550 enim
1054 2482 1219 2551 haeretico
1246 2494 1396 2561 tantum,
1414 2484 1476 2551 sed

429 2596 606 2687 peccatori
624 2594 740 2684 inquit
759 2594 866 2675 Deus,
882 2593 936 2663 Ut
954 2597 1037 2685 quid
1056 2618 1195 2665 enarras
1205 2596 1476 2686 justificationes
1488 2614 1619 2664 rmus

429 2734 536 2792 meas,
554 2719 591 2779 et
609 2709 756 2779 assumis
778 2718 1032 2779 testamentum
1059 2733 1176 2779 meum
1204 2733 1266 2801 per
1289 2734 1327 2780 os
1350 2679 1575 2779 tuuml¹⁶'¹⁸'

431 2826 528 2896 Huic
551 2827 675 2917 utique
699 2825 800 2905 dixit,
819 2824 857 2894 si
876 2826 1018 2895 videbas
1036 2826 1161 2907 furam,
1179 2826 1410 2896 concurrebas
1433 2827 1477 2895 ei.

431 2944 574 3026 Quanto
600 2964 684 3033 ergo
710 2940 760 3009 illi
787 2943 934 3033 pejores,
952 2942 1012 3032 qui
1037 2964 1108 3009 non
1134 2963 1214 3010 cum
1238 2940 1375 3010 furibus
1396 2941 1479 3009 coh-

430 3057 627 3137 currebant,
646 3056 707 3125 sed
733 3056 798 3147 ipsi
821 3056 948 3124 fundos
974 3055 1147 3124 insidiosis
1169 3054 1349 3123 fraudibus
1366 3055 1479 3145 rapie-

431 3170 540 3241 bantl
567 3171 628 3240 sed
655 3193 725 3239 aon
756 3172 807 3240 eis
834 3170 1065 3239 concurrebat
1088 3167 1291 3259 Cyprianus,
1319 3169 1478 3258 quamvis

431 3309 491 3356 eos
518 3287 555 3355 in
583 3285 757 3355 catholica
784 3296 905 3377 segete
932 3283 1111 3365 toleraret,
1130 3306 1174 3352 ne
1197 3282 1301 3351 simul
1326 3283 1479 3353 eradica·

430 3411 528 3470 retur
558 3409 595 3470 et
622 3399 790 3468 triticum.
844 3398 893 3467 Et
911 3405 1047 3468 'tamen
1067 3398 1175 3466 etiam
1200 3398 1265 3487 ipsi
1289 3419 1394 3487 quem
1419 3399 1480 3468 da·

431 3516 528 3594 bant,
547 3515 642 3584 idem
668 3512 963 3606 ipse'baptismus
988 3521 1085 3594 erat;
1111 3512 1286 3603 quianon
1311 3513 1477 3602 ipsorum,

431 3632 492 3701 sed
524 3630 656 3699 Christi
687 3644 773 3700 erat.
826 3627 928 3697 Sicut
958 3651 1042 3720 ergo
1072 3628 1141 3709 isti,
1172 3627 1332 3716 quamvis
1362 3626 1397 3694 iu
1429 3626 1479 3695 eis

432 3745 563 3815 Christi
581 3745 778 3836 baptismus
794 3752 1013 3837 agnoscatur,
1031 3766 1102 3812 non
1127 3753 1210 3812 sunt
1230 3751 1348 3811 tamen
1372 3764 1480 3809 excu-

433 3862 497 3929 sati
517 3868 554 3927 et
572 3860 705 3928 defensi
724 3859 847 3927 illicita
865 3858 1043 3935 facientes,
1058 3865 1095 3924 et
1112 3864 1209 3924 recto
1226 3853 1305 3923 illos
1319 3853 1479 3924 Christus

433 3974 647 4042 adversarios
664 3995 745 4041 snos
762 3971 926 4062 appellat,
944 3972 1028 4062 quia
1051 3972 1087 4038 in
1105 3969 1234 4039 talibus
1257 3991 1480 4059 perseveran-

433 4097 488 4157 tes
506 4087 659 4155 audituri
678 4096 769 4166 sunt,
789 4086 961 4155 Recedite
984 4108 1005 4153 a
1029 4107 1098 4170 me,
1117 4085 1177 4175 qui
1201 4085 1392 4175 operamini
1417 4084 1632 4154 ini-racanas.

434 4203 638 4292 quitatem3
683 4202 777 4269 unde
816 4210 852 4268 et
892 4200 1091 4269 antichristi
1130 4198 1363 4292 appellantur,
1398 4185 1529 4289 quia²³‘

435 4316 576 4385 Christo
607 4316 771 4390 contrarii
802 4324 895 4396 sunt,
924 4317 1010 4385 dum
1040 4327 1163 4384 contra
1195 4316 1288 4405 quod
1325 4315 1481 4405 praecipit

435 4431 577 4498 vivunt:
606 4429 656 4497 ita
674 4440 711 4497 et
730 4428 894 4498 haeret-ici.

477 4574 484 4597 ¹
502 4567 659 4641 [Episcopo
680 4568 755 4641 apud
776 4569 949 4643 Cyprianum
970 4568 1032 4624 vult
1053 4567 1128 4623 licita
1153 4585 1289 4641 reponere
1311 4566 1483 4623 Marshallus

436 4664 575 4738 Anglicus
590 4665 651 4737 ejus
665 4665 828 4738 interpres]
961 4671 969 4695 ¹
989 4664 1094 4737 [Abest
1108 4664 1143 4719 ab
1158 4672 1277 4737 utroque
1291 4662 1357 4720 MS.
1370 4664 1459 4735 meo]
