3817 5692
743 697 1055 762 DISPUTATIO.
1362 702 1420 763 151

375 868 491 960 nexigi
509 868 554 937 ab
572 890 614 935 eo
633 867 702 946 illa,
720 891 799 959 quae
824 892 887 960 per
911 869 1071 939 fraudem
1090 871 1335 963 interceperat,
1347 875 1424 964 jus-

375 982 548 1051 tissimum
573 993 638 1065 est,
656 985 813 1053 maxime
836 1007 919 1053 cum
942 985 1057 1054 multa
1074 987 1120 1055 sit
1142 1010 1288 1059 merces.
1341 989 1423 1060 Hoc

374 1108 496 1169 autem
520 1100 609 1179 dico,
627 1101 767 1191 quando
786 1101 944 1193 AEgyptii
971 1101 1174 1194 affligebant
1196 1104 1288 1174 filios
1314 1104 1422 1177 Israel

375 1236 437 1304 per
454 1236 599 1305 operum
619 1215 857 1306 compulsores
875 1217 911 1285 iu
929 1216 1103 1309 lingendis
1129 1216 1309 1299 lateribus,
1327 1223 1422 1311 quod

375 1352 456 1397 cum
484 1330 662 1421 suppliciis
693 1329 839 1423 Moyses
874 1341 992 1401 totum
1025 1335 1157 1425 pariter
1189 1336 1284 1405 intra
1311 1360 1422 1406 uuum

376 1454 599 1513 momentum
628 1449 797 1537 temporis
827 1448 967 1540 exegit3
993 1450 1173 1540 ⁰nunqnid
1203 1450 1270 1520 hoo
1296 1454 1424 1544 iniqui-

374 1570 428 1628 tas
454 1560 664 1652 appellanda
689 1561 767 1630 esti
794 1560 912 1633 Absit.
965 1562 1034 1631 Illa
1057 1587 1140 1634 sane
1169 1565 1338 1637 bonitatis
1368 1578 1423 1638 est

375 1676 620 1754 rabstinentia,
643 1699 724 1745 cum
752 1678 866 1746 utitur
891 1678 970 1768 quis
1000 1678 1191 1772 frugaliter,
1215 1684 1423 1753 renuntians

375 1791 547 1871 omnibus,
565 1815 643 1882 quae
669 1792 845 1883 superflua
864 1803 958 1863 sunt.
1010 1794 1138 1877 rQuod
1157 1799 1291 1866 veroin
1311 1801 1421 1868 veteri

374 1914 589 1976 testamento
607 1908 743 1978 dictum
761 1917 835 1978 est:
864 1908 960 2002 ιΕςο
982 1911 1128 1979 divitem
1156 1911 1256 1995 facio,
1275 1924 1312 1982 et
1338 1937 1423 2005 pau·

374 2043 515 2111 perem;
546 2020 650 2108 Jesus
681 2046 763 2093 vero
797 2023 977 2093 beatificat
1011 2047 1192 2117 pauperes,
1223 2051 1293 2097 non
1329 2028 1421 2098 dixit

373 2137 553 2207 rsecularis
576 2139 783 2209 substantiae
800 2162 981 2231 pauperes,
999 2142 1061 2211 sed
1087 2164 1259 2233 pauperes
1284 2146 1424 2235 spiritu,

373 2255 408 2322 id
423 2265 487 2337 est,
498 2256 559 2346 qui
572 2278 640 2323 non
655 2256 819 2347 superbia
832 2256 1122 2338 “inflammantun
1140 2259 1201 2328 sed
1221 2259 1421 2332 humilitate

374 2370 429 2439 tse
446 2372 621 2463 mitigant,
640 2383 677 2440 et
693 2371 875 2453 inclinant,
894 2380 981 2440 ²non
1005 2372 1084 2464 plus
1110 2375 1296 2465 sapientes,
1315 2400 1420 2467 quam

374 2496 513 2577 oportet
536 2510 668 2579 sapere.
721 2486 835 2569 Quam
856 2489 999 2578 quidem
1026 2489 1243 2559 adversarius
1261 2495 1422 2582 questio-

374 2624 456 2672 nem
482 2626 553 2671 non
579 2613 824 2694 competenter
849 2606 994 2694 aptavit.
1048 2602 1120 2673 Hic
1146 2606 1238 2673 enim
1263 2607 1365 2676 video
1383 2619 1422 2678 et

373 2717 499 2788 Jesum
525 2718 679 2788 libenter
702 2720 903 2788 intuentem
925 2718 1076 2787 divitum
1104 2742 1260 2800 munera,
1278 2744 1359 2790 eum
1384 2724 1420 2791 in

372 2833 622 2926 gazophylacio
654 2833 890 2914 ¹¹offemntur3
921 2844 958 2903 et
992 2856 1115 2924 parum
1150 2835 1217 2905 hoc
1245 2847 1311 2917 est,
1341 2840 1369 2907 si
1400 2860 1421 2907 a

374 2949 457 3019 solis
482 2950 650 3019 divitibus
675 2951 712 3018 in
737 2948 988 3041 gazophylacio
1009 2972 1157 3018 munera
1181 2949 1420 3035 ’‘offeruntur3

415 3158 431 3188 ¹¹
454 3147 553 3204 Codex
572 3147 730 3211 Bobiensis
745 3156 771 3202 et
785 3148 857 3221 eripi
870 3147 903 3202 ob
917 3166 947 3202 eo
963 3146 1094 3221 illaque
1104 3148 1213 3221 fraude
1232 3148 1419 3223 interceperat.

374 3244 536 3301 Casinensis
557 3264 634 3312 vero,
649 3247 726 3319 eripe
745 3244 779 3299 nb
793 3264 823 3300 co
841 3243 889 3299 illa
904 3249 961 3318 pud
972 3243 1103 3317 fraudem
1125 3244 1313 3318 interceperat.
1357 3245 1420 3301 Nos

373 3362 408 3399 ex
423 3353 542 3417 utroque
556 3344 653 3400 codice
668 3342 811 3399 meliorem
826 3342 977 3398 lectionem
992 3342 1185 3398 conflavimus.

413 3450 428 3480 ⁰
443 3441 563 3496 Bobien.
577 3441 670 3515 eripit,
687 3441 808 3515 nunquid
820 3440 959 3513 iniquitas.

413 3548 429 3591 P
444 3537 520 3593 Hinc
534 3546 612 3611 patet
623 3537 766 3593 Valerium
782 3545 858 3592 recte
872 3536 908 3592 ad
924 3536 1081 3610 marginem
1093 3538 1258 3594 emendasse
1271 3537 1420 3595 Bobiensis

372 3635 477 3691 codicis
490 3634 651 3699 lectionem,
668 3653 730 3707 quae
743 3633 839 3699 habet,
854 3633 983 3689 ademtis.

412 3743 427 3786 <r
443 3731 542 3789 Codex
557 3732 717 3794 Bobiensis‚
735 3731 813 3794 Quod
825 3749 898 3805 erqo,
910 3740 939 3787 et
954 3750 1032 3795 mox,
1048 3732 1130 3789 Jeeus
1144 3732 1290 3806 beatificat.

413 3840 425 3869 Γ
440 3829 539 3886 Codex
555 3829 714 3892 Bobiensis,
728 3828 853 3884 seculari
866 3828 1026 3883 substoalr'a.
1050 3829 1129 3899 (For.
1145 3830 1349 3903 preferendum
1365 3829 1420 3886 hoe

372 3929 436 3997 est)

413 4034 425 4064 ⁸
441 4024 535 4086 Forte,
550 4024 691 4099 inflantur.

411 4124 422 4163 t
437 4122 536 4179 Codex
552 4123 671 4179 Bobien.
686 4121 840 4178 humilitate
853 4124 990 4197 mitipant.

411 4231 428 4261 ¹¹
449 4220 548 4277 Codex
570 4219 703 4277 Casiuen.
724 4219 880 4291 efferentur,
902 4227 928 4274 et
945 4237 1094 4294 pauperum
1115 4217 1165 4274 lroc
1185 4227 1234 4274 est.
1270 4218 1419 4274 Bobieusis

370 4325 475 4382 autern,
498 4318 664 4390 offerunlw
693 4325 720 4372 el
742 4335 841 4390 parum
869 4316 919 4372 loc
940 4324 991 4381 est,
1014 4335 1077 4390 quae
1102 4334 1168 4372 vera
1191 4325 1236 4372 est
1258 4316 1342 4390 hujus
1363 4316 1419 4372 loci

369 4413 463 4469 lectio.

412 4521 427 4551 ¹
442 4511 539 4567 Codex
555 4511 715 4578 Bobiensis,
730 4511 895 4584 inferuntur.

494 4637 500 4659 ¹
517 4632 598 4687 Prov.
614 4631 683 4687 xxii.
702 4649 728 4688 2.
750 4632 822 4689 Mat.
837 4652 863 4688 v.
880 4651 908 4705 3.
1082 4636 1090 4658 ²
1107 4632 1189 4685 Rom.
1205 4629 1252 4685 xii.
1268 4646 1295 4701 3.
