3817 5692
805 696 1116 761 DISPU'l'ATiO.
1443 702 1487 764 57

434 866 595 969 καταχέει
624 867 750 966 λοιμον
774 871 829 973 ἐφ’
850 869 938 969 ὅλης
966 874 1029 968 τῆς
1056 874 1134 971 γῆς,
1160 869 1257 954 ὅπως
1285 871 1485 951 θανατώσει

433 990 516 1075 τοὺς
532 993 754 1096 ἀνθρώπους.
792 993 834 1074 τὸ
861 995 932 1097 γὰρ
957 1003 1066 1095 σῶμα
1088 1003 1193 1076 τοῦτο
1212 996 1349 1095 κόσμος
1367 1005 1486 1077 καλεῖ-

432 1151 491 1196 ται
508 1119 599 1222 πρὸς
624 1120 688 1200 τὸν
705 1119 818 1223 μέγαν
836 1122 986 1220 κόσμον.
1026 1125 1085 1201 καὶ
1102 1128 1136 1201 oi
1154 1122 1334 1225 ἅνθρωποι
1352 1122 1486 1208 πάντες

431 1244 527 1348 ῥίζας
560 1247 693 1351 ἔχουσι,
722 1248 817 1329 κάτω
850 1249 1083 1333 συνδεθείσας
1116 1256 1191 1333 τοῖς
1223 1248 1309 1329 ἅνω.
1350 1250 1485 1330 ὁπόταν

432 1373 495 1451 οὖν
512 1380 658 1482 συληθῇ
681 1374 832 1475 ὑπὸτῆς
852 1376 1050 1478 Παρθένου,
1069 1372 1150 1454 τότε
1174 1376 1319 1480 ἄρχεται
1343 1374 1485 1456 κόπτειν

433 1497 498 1582 τὰς
529 1500 625 1602 ῥίζας
658 1509 730 1581 τῶν
762 1502 973 1604 ἀνθρώπιον.
1028 1503 1087 1580 καὶ
1125 1501 1212 1581 ὅταν
1245 1509 1416 1582 κωπῶσιν
1449 1508 1485 1582 αἱ

429 1624 523 1727 ῥίζαι
541 1629 668 1723 αὐτῶν,
687 1627 768 1708 τότε
787 1627 934 1734 ἄρχεται
959 1626 1086 1726 λοιμὸς
1103 1629 1278 1730 γίνεσθαι,
1297 1631 1356 1707 καὶ
1374 1631 1485 1715 οὕτως

433 1749 738 1851 ἀποθνήσκουσιν.
790 1754 852 1834 ἐὰν
884 1754 922 1833 δὲ
959 1753 1005 1833 τὰ
1042 1753 1116 1833 ἅνω
1153 1759 1217 1853 τῆς
1254 1754 1350 1857 ῥίζης
1385 1752 1485 1862 πόνῳ

433 1878 610 1984 σαλειίσῃ,
629 1881 781 1979 σεισμὸς
799 1883 962 1983 γίγνεταί
977 1916 1026 1978 τε,
1045 1884 1104 1963 καὶ
1122 1884 1366 1977 ἐπακολουθεῖ,
1385 1915 1480 1982 συγ·

431 2004 637 2104 κινουμένου
668 2006 733 2105 μὲν
760 2016 824 2087 τοῦ
847 2006 1070 2112 Ὠμοφόρου·
1112 2011 1201 2107 αὕτη
1235 2009 1258 2108 ἡ
1289 2008 1383 2087 αι’τία
1419 2018 1484 2088 τοῦ

432 2127 597 2210 θάνατον.

432 2369 475 2433 sis
513 2370 678 2472 Princeps,
715 2372 742 2436 si
779 2373 932 2457 deceptus
983 2372 1079 2436 fucrit
1103 2394 1124 2435 a
1144 2370 1290 2457 Virgine,
1308 2372 1413 2437 dtuno
1436 2373 1482 2437 in·

431 2454 526 2520 inerit
555 2478 577 2521 o
605 2457 743 2543 Vrrgine‚
774 2457 932 2522 beii'undit
983 2457 1060 2542 cipit
1075 2456 1220 2521 excidere
1241 2457 1363 2522 radices
1383 2459 1482 2521 homi-

431 2549 554 2625 pestem
571 2564 666 2628 super
687 2550 819 2622 terram,
833 2545 880 2608 ita
894 2551 931 2607 ut
982 2564 1067 2620 num,
1083 2549 1117 2606 et
1136 2564 1208 2606 oum
1230 2543 1344 2607 excisae
1364 2543 1483 2608 fuerint

431 2634 535 2692 morte
549 2628 667 2693 afficiat
681 2629 824 2694 homines
833 2655 843 2706 3
861 2651 929 2693 cor·
982 2629 1105 2692 radices
1119 2649 1237 2703 eorum,
1254 2627 1389 2691 efficitur
1409 2651 1481 2711 pes·

431 2732 490 2796 pus
504 2714 587 2777 enim
607 2714 668 2778 hoc
687 2716 823 2778 mundus
837 2738 930 2779 voco·
981 2713 1114 2788 tilontia,
1146 2717 1180 2776 et
1214 2712 1261 2776 ita
1291 2712 1481 2778 moriuntur.

431 2807 497 2876 tur,
513 2800 556 2863 ed
571 2799 809 2865 similitudinem
823 2800 931 2886 magni
981 2800 1092 2880 eQuod
1120 2798 1147 2861 si
1173 2797 1351 2881 superiores
1373 2806 1483 2882 portes

431 2882 525 2967 hujus
543 2886 662 2962 mundi,
677 2897 729 2950 cet
747 2908 856 2951 omnes
876 2887 932 2949 ho-
982 2884 1266 2949 radicumvnlidius
1277 2884 1480 2961 concusserit,

430 2969 542 3046 mines,
553 2970 606 3056 qui
621 2980 695 3036 sunt
711 2973 867 3049 deorsum,
884 2994 931 3034 ra-
982 2971 1020 3034 fia
1035 2979 1130 3035 terrae
1151 2977 1267 3046 motus,
1288 2976 1322 3032 et
1343 2968 1481 3054 insequi-

430 3055 517 3120 dices
531 3056 652 3121 hebent
667 3079 791 3122 sursum
806 3057 931 3140 colligo·
982 3063 1036 3120 tur
1058 3055 1232 3140 Omophori
1254 3055 1429 3132 concussio,
1448 3062 1482 3120 et

430 3146 492 3206 tes.
549 3142 629 3208 Cum
666 3164 742 3227 ergo
778 3144 932 3228 deceptus
983 3141 1051 3205 haec
1066 3149 1115 3205 cst
1130 3140 1243 3205 mortis
1257 3140 1390 3205 occasio.

429 3376 541 3434 Meseor
554 3377 754 3453 appellatus,si
773 3378 895 3452 Virpinis
908 3376 1035 3432 illecebra
1054 3378 1188 3450 capiatur,
1198 3384 1303 3449 pestem
1324 3375 1351 3430 in
1372 3375 1479 3431 univer·

429 3493 487 3530 earn
501 3482 602 3531 ternam
611 3476 759 3550 perdendis
773 3474 923 3531 dominibus
936 3474 1067 3529 immittit.
1111 3472 1146 3527 In
1165 3480 1245 3528 textu
1259 3480 1355 3529 tamen
1374 3491 1479 3546 graeco,

429 3570 542 3638 Messi-e,
557 3581 673 3630 estnon
687 3572 808 3628 Messon.
829 3571 879 3628 sed
893 3570 1015 3627 fortasse
1029 3569 1182 3645 legendum
1197 3570 1333 3641 θερισμοῦ.

470 3664 486 3710 b
508 3668 609 3726 Codex
630 3668 803 3732 casinensis.
825 3668 938 3742 effundit
953 3667 1070 3741 samem.
1113 3665 1272 3731 Bobiensis,
1294 3665 1411 3739 effundet
1426 3666 1479 3739 sa·

428 3784 504 3822 menn.
546 3764 606 3823 Sed
628 3783 682 3821 nos
706 3783 743 3822 ex
764 3783 841 3839 seqq.
859 3774 888 3821 et
909 3783 945 3820 ex
965 3763 1134 3838 Epiphanio,
1144 3770 1257 3838 pestem,
1273 3762 1477 3818 substituimus.

429 3860 523 3917 Facile
537 3869 631 3918 autem
644 3860 699 3917 fuit
712 3860 801 3917 veteri
815 3860 903 3917 latino
917 3859 1065 3933 interpreti
1083 3858 1120 3915 ob
1139 3857 1350 3914 similitudinem
1365 3876 1476 3921 vocum,

428 3958 622 4032 diffusam,
637 3967 667 4014 et
680 3960 780 4028 λοιμὸς,
791 3959 888 4032 pestis,
903 3957 933 4012 in
947 3956 1023 4012 hunc
1038 3974 1162 4011 errorem
1177 3954 1310 4012 incidere.

469 4066 483 4097 ⁰
505 4052 683 4129 Epiphanius
697 4054 792 4118 hebet,
808 4061 833 4110 et
848 4072 937 4109 omnes
951 4054 1069 4109 homiues
1083 4053 1188 4108 radices
1208 4050 1304 4107 liabent
1326 4049 1400 4122 infru
1417 4066 1476 4105 curn

427 4152 613 4227 superioribus
626 4170 764 4207 ιοιιιινας.

469 4244 484 4290 d
507 4247 607 4304 Codex
622 4246 781 4313 Bobiensis,
798 4256 862 4302 tunc
875 4264 933 4303 cum
948 4247 1065 4321 incipiet.
1110 4243 1157 4315 (In
1173 4242 1281 4299 Graecis
1302 4243 1408 4313 ἄρχεται
1422 4259 1474 4313 pro

427 4346 536 4417 ἄρχηται
550 4343 593 4400 bis
609 4343 743 4418 reposui.)

468 4451 482 4482 θ
503 4441 586 4515 Apud
600 4440 790 4515 Epiphanium
804 4439 918 4515 legitur,
936 4438 1015 4501 Quod
1032 4438 1058 4493 ci
1078 4437 1228 4513 superiores
1244 4442 1341 4511 partes
1355 4431 1473 4486 radicum

422 4557 483 4613 proe
496 4538 588 4595 labore
601 4540 769 4616 quatiantur,
784 4546 864 4593 terra
878 4544 965 4592 motus
972 4537 1020 4610 fit,
1032 4544 1113 4610 atque
1126 4532 1305 4607 ccmequitur,
1320 4527 1473 4601 Omapicra

427 4638 531 4711 quidem
544 4637 657 4693 incimul
669 4654 804 4693 concussa.

471 4754 538 4794 von.
554 4753 584 4795 v.
938 4750 950 4788 1
