3817 5692
514 710 581 776 306
711 712 775 775 DE
800 711 1186 775 REBAPTISMA'PE
1212 711 1370 774 LIBER.

524 888 626 966 dixit,
656 909 721 955 nec
751 908 850 955 nosse
879 887 1026 976 eosqui
1054 885 1119 956 sibi
1147 887 1182 954 iu
1209 886 1266 955 die
1287 886 1413 976 judicii
1441 885 1575 954 dicturi

359 1020 502 1070 unum
523 1012 653 1084 esseut,
664 1000 825 1081 Domine,
837 999 1000 1079 Domine,
1014 1024 1126 1071 nonne
1143 1003 1181 1070 in
1199 1010 1259 1071 tuo
1274 1001 1411 1070 nomine
1425 997 1576 1093 propie-

359 1099 447 1148 Μ’
523 1119 680 1202 tacimus,
707 1127 738 1188 et
764 1118 802 1186 in
831 1117 970 1188 nominc
998 1126 1057 1187 tuo
1085 1115 1257 1188 doemonia
1283 1116 1448 1208 pommus,
1474 1125 1508 1186 et
1535 1117 1575 1185 in

521 1234 660 1303 nominc
680 1243 739 1304 tuo
755 1234 897 1304 virtutes
921 1256 1064 1329 moyseus
1075 1231 1240 1327 fecimus,
1258 1232 1502 1324 respondendo
1520 1235 1575 1302 eis

521 1351 629 1419 etiam
656 1372 736 1419 cum
757 1349 998 1440 jurejurando,
1016 1346 1109 1437 Quia
1132 1371 1308 1442 nunqrmm
1330 1347 1471 1444 oopoooi
1487 1371 1571 1418 vos:

521 1463 684 1537 discedite
700 1490 722 1535 a
740 1489 793 1535 me
809 1466 870 1559 qui
890 1465 1085 1558 operamini
1102 1465 1341 1558 iniquitaten:
1368 1466 1433 1534 nisi
1451 1475 1575 1534 osteu-

521 1582 664 1652 deretur
680 1583 792 1662 nobis‚
810 1603 1064 1673 nonnunquam
1084 1582 1194 1651 etiam
1216 1581 1261 1651 ab
1287 1579 1342 1650 bis
1364 1581 1424 1672 qui
1447 1602 1575 1671 opera-

521 1708 644 1768 rentur
660 1699 898 1790 iniquitatem,
910 1719 1013 1789 posse
1029 1719 1093 1790 per
1110 1697 1255 1766 nImiam
1268 1698 1437 1766 virtutem
1456 1697 1575 1764 uomi-

520 1816 575 1883 nis
604 1814 692 1885 Jesu
723 1817 832 1885 etiam
863 1813 936 1883 baec
967 1812 1069 1882 fieri?
1123 1812 1349 1904 ¹Idcircoque
1379 1811 1487 1880 debet
1518 1813 1575 1879 in-

520 1931 659 2001 vocatio
688 1931 761 2001 haec
792 1931 944 2000 nominis
971 1928 1059 2000 Jesu
1089 1930 1187 2021 quasi
1219 1930 1358 1998 initium
1390 1926 1573 2018 quoddam

520 2049 675 2139 mysterii
697 2047 874 2117 Dominici
900 2069 1090 2117 commuue
1115 2045 1216 2115 uobis
1241 2054 1279 2115 et
1304 2046 1430 2114 ceteris
1455 2046 1575 2113 omni-

519 2163 585 2233 bus
612 2164 734 2255 accipi,
762 2164 857 2255 quod
887 2165 997 2254 possit
1027 2162 1254 2254 postmodum
1285 2161 1432 2230 residuis
1461 2159 1574 2230 rebus

519 2278 668 2370 impleri,
686 2278 772 2350 alias
790 2303 859 2349 uon
878 2279 1064 2370 profutura
1080 2278 1179 2348 'talis
1200 2278 1376 2348 invocatio
1393 2300 1474 2346 cum
1493 2277 1574 2348 sola

518 2397 761 2486 permanserit.
805 2395 899 2479 Quia
926 2404 1006 2487 post
1036 2405 1188 2464 mortem
1215 2394 1387 2485 ejusmodi
1415 2392 1575 2463 bominis

518 2533 589 2579 nou
614 2519 732 2602 potest
754 2512 787 2580 ei
813 2513 1003 2603 quicquam
1029 2513 1172 2581 omuino
1197 2511 1301 2601 adjici
1321 2509 1377 2579 vel
1402 2508 1574 2601 suppleri,

518 2635 580 2695 aut
610 2627 647 2695 iu
677 2627 795 2719 aliquo
826 2627 991 2718 prodesse
1021 2628 1058 2695 iu
1088 2628 1146 2696 die
1174 2627 1311 2717 judicii,
1344 2648 1425 2696 cum
1456 2623 1518 2695 ilia
1550 2650 1575 2695 a

518 2740 673 2811 Domino
704 2751 824 2812 nostro
853 2765 932 2833 quae
962 2765 1068 2833 supra
1097 2743 1370 2812 memoravimus
1396 2742 1575 2833 coeperint

517 2858 744 2948 exprobrari3
779 2859 839 2948 qui
874 2866 996 2927 tamen
1027 2859 1178 2928 universi
1213 2858 1330 2941 hodie,
1355 2866 1396 2927 ut
1421 2857 1487 2927 sibi
1514 2856 1575 2927 his

516 2972 632 3040 modis
654 2971 865 3041 subveniant
882 2972 1012 3061 quibus
1033 2994 1138 3063 supra
1155 2971 1382 3050 ostendimus,
1401 2993 1470 3039 uon
1490 2993 1576 3061 pos·

517 3095 600 3155 sunt
625 3086 670 3156 ab
694 3086 768 3155 ullo
792 3087 975 3156 bominum
1000 3097 1074 3156 tam
1097 3088 1184 3157 dure
1208 3094 1353 3177 tamque
1376 3085 1575 3156 crudeliter

517 3202 705 3294 prohiberi.

566 3316 677 3388 VIII.
705 3318 777 3388 Sed
795 3319 839 3387 ad
857 3319 930 3389 baec
944 3328 986 3390 ut
1003 3317 1095 3388 soles
1112 3318 1343 3399 contradices,
1356 3317 1573 3409 opponendo

516 3434 628 3517 nobis,
644 3445 729 3504 tunc
747 3458 828 3504 cum
847 3436 1122 3528 baptizarentur,
1136 3434 1274 3526 integre
1291 3455 1331 3502 ac
1348 3441 1445 3502 recte
1464 3432 1573 3502 disci-

515 3548 626 3640 pulos,
645 3572 773 3619 acuon
791 3560 833 3620 ut
852 3551 917 3620 hos
938 3550 1134 3629 haeretIcos,
1153 3571 1229 3618 esse
1246 3548 1453 3639 baptizatos,
1471 3550 1573 3639 quod

516 3683 561 3731 ex
598 3686 745 3753 persona
780 3666 945 3756 ipsorum,
975 3673 1013 3732 et
1043 3664 1120 3754 ejus
1153 3664 1213 3753 qui
1248 3662 1442 3753 baptizavit
1475 3662 1572 3744 illos,

516 3799 633 3847 sumas
664 3802 808 3849 necesse
837 3788 912 3848 est:
943 3787 981 3848 et
1011 3779 1091 3848 ideo
1122 3801 1186 3849 uos
1215 3780 1259 3849 ad
1291 3778 1572 3870 propositionem

515 3892 606 3963 hauc
631 3904 729 3963 tuam
753 3917 824 3964 nou
845 3903 887 3963 ut
907 3903 1130 3964 accusatores
1150 3894 1400 3986 discipulorum
1419 3891 1573 3964 Domini

517 4011 788 4099 respondemus;
813 4010 874 4078 sed
901 4011 1005 4079 sicuti
1032 4009 1289 4101 compellimur,
1315 4010 1398 4100 quia
1424 4030 1574 4081 necesse

517 4133 591 4207 est;
628 4125 689 4194 ubi
725 4136 762 4194 et
792 4127 934 4216 quaudo
969 4134 1007 4195 et
1041 4126 1340 4216 quemadmodum
1376 4126 1574 4217 uuicuique

516 4251 675 4311 nostrum
694 4239 787 4309 salus
813 4242 859 4310 sit
884 4242 1052 4331 praestita,
1071 4240 1267 4311 rationibus
1284 4241 1574 4333 ³iuvestigemus.

557 4503 564 4524 ¹
580 4497 759 4571 Idcircoque]
778 4495 874 4571 Vulgo
889 4497 992 4552 idcirco
1007 4516 1071 4572 quc.
1115 4496 1248 4553 Correxit
1263 4495 1356 4552 locum
1374 4495 1556 4555 Gallandius.

557 4597 565 4618 ¹
582 4593 645 4648 For.
662 4595 711 4650 tali
726 4595 914 4651 invocatione.

557 4694 565 4721 ³
582 4688 647 4745 For.
663 4692 879 4766 investigamus.
