3817 5692
391 710 456 773 274
760 709 790 770 S.
808 707 1080 772 AUGUSTINI

250 910 267 943 A
323 910 343 945 ι.
444 880 649 951 Honoratus
678 880 839 951 aTncea
869 881 980 950 dixit:
1008 878 1096 953 Cum
1125 874 1286 950 Christos
1315 875 1448 945 emitas

391 998 446 1080 sit,
465 998 575 1093 mopis
600 998 774 1067 ceritatem
800 1020 901 1090 quara
924 993 1199 1066 commtadinem
1225 993 1322 1086 sequi
1347 990 1448 1061 debe·

391 1135 467 1182 mas
477 1137 489 1191 ;
515 1120 553 1181 at
568 1110 755 1194 haereticos,
774 1112 834 1206 qni
851 1109 928 1181 ideo
945 1109 992 1180 ad
1007 1133 1069 1180 nos
1086 1108 1236 1189 veniant,
1250 1103 1447 1200 quidforis

391 1225 484 1297 nihil
505 1227 660 1321 accipere
686 1236 881 1320 potuerunt,
903 1225 1070 1298 Ecclesia
1099 1223 1265 1319 baptismo
1288 1221 1447 1314 sanetifi-

390 1365 513 1411 cemus.

441 1458 489 1528 Et
506 1458 574 1528 iste
590 1459 786 1529 adtestator
802 1469 856 1529 est
873 1459 1149 1539 consuetudinis,
1166 1456 1227 1526 ubi
1246 1476 1309 1524 nos
1331 1452 1448 1545 pluri-

389 1597 489 1643 mum
515 1567 669 1666 adjuvat,
695 1577 865 1667 quidquid
893 1575 989 1645 aliud
1015 1584 1138 1645 contra
1163 1595 1227 1642 nos
1252 1572 1373 1641 dicere
1393 1570 1447 1639 vi-

389 1688 524 1758 deatur.
579 1687 664 1757 Non
690 1698 809 1759 autem
837 1691 916 1759 ideo
942 1689 987 1759 ad
1014 1710 1077 1758 nos
1100 1688 1248 1757 veniunt
1269 1684 1446 1766 haretici,

388 1805 471 1895 quia
499 1803 582 1872 foris
611 1802 699 1872 nihil
728 1813 963 1895 acceperunt3
1000 1803 1062 1873 sed
1092 1811 1133 1871 ut
1161 1802 1212 1870 eis
1241 1797 1330 1868 utile
1362 1821 1446 1868 esse

388 1919 534 2011 incipiat
553 1919 647 2009 quod
664 1929 896 2011 acceperunt:
923 1920 991 1989 hoc
1004 1920 1099 1988 enim
1113 1917 1197 1986 foris
1213 1913 1312 1984 nullo
1330 1913 1445 1983 modo

387 2044 520 2127 potest.

224 2160 336 2223 Cer-4²·
438 2149 568 2220 Victor
592 2152 637 2221 ab
663 2150 801 2221 Octavo
828 2151 938 2221 dixit:
967 2148 1069 2238 Quod
1092 2158 1123 2218 et
1148 2144 1217 2241 ipsi
1239 2146 1345 2228 scitis,
1368 2169 1443 2217 non

385 2262 468 2334 oiim
498 2289 573 2335 sam
605 2266 806 2337 comtitntns
836 2268 1023 2361 episcopas,
1046 2273 1077 2335 et
1102 2262 1179 2333 ideo
1204 2260 1441 2355 eu‘spectabam

381 2404 630 2473 praeessmmm
648 2379 839 2452 consiliam.
891 2381 972 2452 Hoc
989 2382 1102 2475 itaque
1119 2379 1286 2461 eaistimo,
1306 2387 1342 2448 at
1360 2379 1446 2471 qni-

386 2519 528 2589 cumque
544 2519 588 2566 en
605 2495 730 2567 laceresi
746 2498 909 2580 venerint,
926 2498 1002 2567 sine
1018 2495 1121 2567 dubio
1138 2493 1365 2589 baptizentur.

438 2612 545 2695 Quod
570 2636 654 2705 ergo
681 2612 757 2694 illis,
777 2635 864 2704 quos
890 2613 1129 2705 exspectabat,
1148 2632 1353 2702 responsum
1371 2618 1442 2691 est,

386 2726 470 2796 huic
488 2751 628 2818 quoque
647 2749 851 2818 responsum
869 2728 1072 2819 accipiatur.

222 2855 335 2918 Ου’-43·
438 2843 563 2914 Clarus
593 2867 614 2913 a
640 2842 802 2913 Mascula
827 2843 937 2913 dixit:
965 2839 1161 2937 Manifesta
1190 2848 1241 2910 est
1269 2841 1443 2910 sententia

386 2955 536 3028 Domini
561 2960 672 3029 nostri
688 2958 777 3028 Jesn
802 2956 938 3031 Carisa
963 2956 1131 3052 apostolos
1155 2978 1235 3027 suos
1260 2956 1442 3041 mittentis,

386 3079 418 3141 et
434 3074 521 3167 ipsis
537 3071 621 3143 solis
637 3083 836 3167 potestatem
854 3098 875 3143 a
892 3072 1002 3143 Patre
1018 3072 1085 3144 sibi
1102 3072 1217 3143 datam
1233 3071 1442 3166 permitten-

386 3189 453 3268 tis,·
478 3187 599 3283 quibas
616 3214 678 3260 mos
695 3192 926 3271 successimus,
939 3188 1056 3260 eadem
1067 3197 1232 3283 potestate
1244 3184 1440 3258 Ecclesiam

385 3303 534 3374 Domini
546 3304 785 3400 periermenias,
802 3316 833 3376 et
851 3306 1059 3377 eredmtimm
1073 3304 1182 3400 fidem
1200 3302 1438 3397 baptizantes.-

385 3429 417 3489 et
443 3419 519 3490 ideo
544 3418 708 3503 haretici,
727 3423 789 3516 qai
814 3446 875 3492 nec
895 3430 1093 3516 potestatem
1110 3420 1223 3516 soris,
1240 3444 1301 3490 nec
1317 3417 1441 3490 Eccle-

384 3536 472 3605 siom
492 3534 628 3609 Christi
644 3535 774 3619 habent,
793 3539 961 3608 neminem
983 3536 1160 3632 baptizare
1180 3535 1346 3630 baptismo
1363 3537 1440 3627 ajin

378 3662 534 3745 possunt.

433 3769 619 3861 Numquid
647 3779 685 3840 et
715 3772 814 3863 impii
846 3771 1033 3841 homicidae
1062 3769 1230 3863 apostolis
1258 3791 1440 3839 successe-

383 3884 489 3954 runt?
524 3885 596 3954 Cur
613 3909 698 3978 ergo
716 3888 920 3979 baptizanti
958 3886 1018 3956 An
1037 3889 1206 3978 quianon
1225 3894 1307 3955 sunt
1324 3884 1438 3955 foris?

385 4000 473 4070 ¹Sed
492 4024 513 4069 a
531 4009 632 4091 petra
650 4002 732 4072 foris
753 4013 846 4085 sunt,
864 4004 922 4073 cui
940 4002 1056 4073 claves
1075 4001 1249 4072 Dominus
1267 4000 1378 4082 dedit,
1397 4010 1438 4070 et

382 4116 442 4186 ubi
462 4138 499 4185 se
517 4117 773 4187 aedificaturum
794 4119 989 4189 Ecclesiam
1008 4120 1110 4188 dixit.

217 4246 329 4308 ciam.
431 4231 676 4302 Secundianus
693 4256 715 4302 a
731 4234 920 4304 Thambeis
943 4235 1053 4304 dixit:
1081 4232 1164 4303 Non
1187 4231 1341 4302 debemus
1362 4228 1438 4300 dm-

379 4348 502 4418 reticos
533 4357 652 4419 nostru
677 4351 926 4442 mcesmmtione
957 4350 1119 4444 decipere,
1149 4357 1187 4419 nt
1212 4350 1250 4418 in
1276 4345 1438 4419 Ecctesia

379 4460 530 4533 Domini
554 4465 666 4534 nostri
682 4463 770 4535 Jesn
789 4463 927 4539 Christi
948 4464 1272 4559 contaminatius
1285 4487 1353 4558 per
1369 4461 1437 4535 hoc

378 4580 611 4650 remissionem
637 4591 855 4675 peccatorum
886 4605 955 4652 non
986 4583 1168 4664 consecuti,
1201 4604 1276 4652 cam
1297 4577 1436 4671 judicii

585 4723 591 4745 ¹
611 4718 690 4790 [For.
705 4720 868 4796 legendum,
884 4719 944 4778 Sed
959 4722 1080 4796 separati
1095 4742 1111 4779 a
1125 4722 1230 4796 petra]
