3817 5692
509 708 574 776 290
704 705 769 768 DE
792 700 1174 769 REBAPTISMATE
1197 702 1357 766 LIBER.

508 880 601 961 riut3
635 901 706 969 quo
735 879 924 971 respiciens
953 879 1056 947 initio
1090 900 1231 970 quoque
1263 876 1379 969 operis
1412 877 1467 946 sui
1502 876 1563 946 hic

509 996 658 1087 scriptor
673 1018 747 1065 rem
769 992 851 1065 olim
871 994 1092 1088 compositam
1110 1001 1142 1063 et
1158 991 1355 1064 militatum
1371 993 1433 1063 ait
1486 991 1564 1064 No-

508 1135 580 1204 quo
605 1120 726 1181 tamen
746 1109 887 1192 Ursino,
913 1112 942 1181 si
968 1109 1029 1180 ille
1054 1110 1249 1180 monachus
1274 1117 1416 1179 tautum
1441 1108 1561 1192 fucrit,

508 1227 649 1298 libellus
679 1236 777 1297 recto
805 1227 955 1298 adscribi
988 1235 1116 1319 potest,
1148 1226 1327 1317 quoniam,
1356 1233 1399 1294 ut
1428 1222 1562 1294 Gavius

507 1367 612 1435 supra
629 1344 743 1425 docet,
762 1353 887 1413 auctor
908 1343 985 1435 ojus
1007 1343 1192 1433 episcopus
1214 1339 1348 1411 extitit.
1400 1338 1462 1410 Sic
1484 1362 1562 1410 ms-

507 1466 623 1527 morat
641 1479 729 1547 opus
746 1456 814 1526 hoc
832 1456 1041 1527 Pcarsonius
1057 1458 1096 1527 iu
1115 1455 1180 1551 op.
1197 1453 1410 1538 Porthaonis,
1421 1465 1442 1494 “
1457 1454 1561 1526 Ursi-

507 1581 528 1611 “
545 1594 623 1656 uus,
641 1594 703 1642 seu
721 1574 800 1665 quis
817 1571 907 1643 alius
924 1574 1072 1665 scriptor
1084 1572 1276 1643 Africanus
1293 1580 1373 1664 post
1390 1572 1561 1664 Cypriani

508 1694 529 1725 ‘⁴
545 1694 707 1779 tempora
720 1687 810 1758 libro
823 1688 868 1758 ds
879 1687 1064 1780 Baptismo
1075 1687 1365 1759 Haereticorum.”
1379 1711 1459 1781 pag.
1472 1686 1559 1758 361.

505 1805 577 1875 voi.
592 1807 621 1877 1.
640 1806 695 1876 ed.
714 1806 885 1877 Churton.
936 1804 1077 1877 Auctor
1105 1807 1274 1899 profacto,
1299 1807 1503 1897 quicunque
1528 1805 1561 1876 is

506 1923 651 1992 demum
681 1922 799 2005 fuerit,
830 1923 966 2006 doctus,
996 1931 1171 2004 atcerte,
1201 1923 1264 1993 ubi
1295 1929 1472 1993 memorat
1501 1943 1561 1992 ras

504 2031 633 2130 gestas
640 2038 784 2122 Christi,
801 2046 880 2107 tum
903 2038 978 2108 foro
1002 2060 1142 2130 semper
1156 2036 1252 2118 alibi,
1269 2038 1429 2118 disertus,
1451 2058 1560 2129 prop-

505 2161 561 2222 ter
583 2153 817 2243 quaestionem
842 2153 880 2222 iu
905 2152 974 2223 hoc
998 2162 1108 2245 atquo
1132 2153 1171 2223 in
1195 2151 1432 2245 superioribus
1457 2151 1561 2222 libris

504 2274 703 2349 tractatam,
718 2291 865 2360 quaequo
882 2267 937 2339 his
954 2292 1095 2361 quoquc
1111 2270 1329 2361 temporibus
1346 2271 1562 2362 exponenda

504 2384 613 2464 venit,
639 2383 765 2476 diguus
796 2392 884 2469 orat,
915 2392 967 2466 ut,
998 2407 1105 2476 quam
1134 2386 1235 2477 potui
1265 2385 1488 2464 emendatus,
1519 2395 1562 2457 et

502 2521 584 2568 oum
602 2497 797 2592 Augustini
816 2498 1008 2591 Responsis
1026 2500 1192 2593 prodiret.
