3817 5692
594 711 625 772 S.
651 711 935 774 SCRIPTURAE
967 713 1323 776 ANTE-NICAENA.
1411 715 1475 776 346

427 882 666 977 προτραπέντα
683 881 746 951 ὑπὸ
763 888 827 953 τιῦν
845 884 1021 979 γνωρίμων,
1040 886 1196 966 πνεύματι
1216 886 1474 982 θεοφορηθὲντα,

426 993 641 1077 πνευματικόν
657 1004 791 1079 ποιῆσαι
816 998 1022 1089 εῦαγγὲλιου.
1050 999 1213 1070 Posuisse
1238 1000 1317 1070 haec
1341 1000 1376 1069 in
1394 997 1475 1093 Hy·

420 1108 644 1204 ροίμροείὂιω
681 1112 752 1180 suis
786 1111 1009 1183 Clementem
1045 1112 1330 1184 Alexandrinum
1367 1115 1473 1183 refert

427 1223 602 1296 Eusebius
619 1224 714 1296 Hui.
733 1225 827 1298 Eccl.
846 1230 891 1297 vi.
908 1234 965 1298 14.
985 1252 1018 1321 p.
1033 1233 1116 1307 409.
1135 1230 1219 1299 edit.
1238 1230 1387 1299 Burton.

726 1541 1060 1615 SAECULUM
1102 1543 1172 1613 ΙΙΙ.

764 1742 880 1812 Culus
905 1742 1131 1824 Pusseissu,

563 1884 675 1948 Ριιιινι
702 1886 928 1950 [κυυυιυτιιι
954 1907 1128 1949 sonuisse
1153 1887 1332 1950 Semeros.

478 2009 619 2109 Γραφὰς
643 2016 700 2098 μὲν
718 2016 815 2093 Θείας
840 2016 980 2111 ἀφόβως
1006 2013 1310 2112 ῥεραῦιουργηκασι,
1334 2018 1475 2092 πίστεως

428 2127 462 2198 δὲ
478 2129 619 2226 ἀρχαίας
638 2130 755 2201 κανόνα
773 2135 958 2213 ἧθετηκασι·
986 2128 1142 2226 Χριστόν
1160 2129 1194 2200 δὲ
1213 2134 1420 2222 ἠγνοήκασιν,
1438 2132 1474 2200 οῦ

426 2245 463 2315 τί
496 2247 531 2314 αι’
564 2245 656 2315 θεῖαι
690 2248 828 2338 λέγουσι
863 2246 997 2343 γραφαὶ
1034 2243 1213 2343 ζητοῦντες,
1247 2247 1324 2316 ἀλλ’
1356 2248 1473 2316 ὁποῖον

427 2365 543 2453 σχῆμα
573 2366 807 2452 συλλογισμοῦ
833 2364 875 2436 εἰς
903 2362 963 2442 τίην
988 2368 1046 2442 τῆς
1072 2360 1253 2443 ἆθεότητοκ
1281 2361 1392 2453 εὑρεθῇ
1418 2360 1474 2430 cni·

430 2503 552 2544 στασιν
578 2475 769 2570 φιλοπόνως
794 2476 976 2551 ἆσκοῦντες·
1003 2474 1061 2545 κόν
1091 2478 1201 2552 αὐτοῖς
1235 2476 1389 2571 προτείνῃ
1423 2476 1475 2551 τίς

427 2587 529 2683 ῥητόν
547 2595 682 2685 γραφῆς
700 2590 821 2674 θείκῆς,
839 2588 1030 2689 ἐξετάζουσι
1054 2590 1199 2686 πότερον
1215 2590 1430 2673 συννημμὲνον
1455 2590 1474 2671 ἦ

428 2703 649 2801 διεζευγμένον
662 2705 792 2778 δύναται
805 2714 941 2788 ποιῆσαι
954 2713 1070 2802 σχῆμα
1084 2712 1328 2797 συλλογισμοῦ.
1356 2705 1475 2775 Κατα-

426 2821 581 2897 λιπόντες
598 2820 631 2892 όὲ
647 2819 709 2897 τὰς
724 2824 823 2914 α’γίας
839 2828 902 2894 τοῦ
918 2821 1003 2892 θεοῦ
1020 2819 1168 2918 γραφὰς,
1186 2822 1389 2917 γεωμετρίαν
1405 2822 1475 2892 ε’πι·

426 2932 868 3015 Tutissimum—Oi
884 2936 919 3008 δὲ
940 2946 1013 3012 ταῖς
1032 2942 1098 3006 τῶν
1114 2936 1264 3006 ἀπίστων
1281 2936 1412 3032 τέχναις
1433 2939 1475 3012 είς

426 3050 487 3130 τὴν
515 3059 574 3133 τῆς
607 3053 757 3148 αἱρέσεως
786 3053 889 3122 αῦτιῦν
919 3053 1048 3144 γνώμην
1078 3050 1319 3145 ἀποχρώμενοι,
1345 3050 1397 3119 καὶ
1432 3055 1474 3141 τῇ

425 3170 491 3236 τῶν
523 3166 624 3237 ἆθέων
658 3168 841 3263 πανουργίᾳ
875 3166 935 3247 τίην
967 3170 1077 3247 όπλῆν
1106 3170 1171 3234 τῶν
1202 3165 1302 3234 θείων
1332 3169 1474 3260 γραφῶν

426 3282 542 3351 πίστιν
558 3284 801 3366 καπηλεύοντες,
820 3283 873 3353 ὅτι
896 3281 978 3366 μηδὲ
994 3280 1093 3373 ε’γγῦς
1115 3281 1257 3357 πίστεως
1277 3277 1474 3376 ῦπιίρχουσι,

426 3397 462 3467 τί
487 3394 535 3467 <iet
557 3397 610 3466 καὶ
635 3397 764 3488 λε’γειν;
790 3395 841 3467 διὰ
865 3402 970 3467 τοῦτο
992 3406 1065 3471 ταῖς
1083 3394 1192 3471 θείαις
1215 3401 1365 3491 γραφαῖς
1386 3395 1476 3491 ἁφό-

427 3513 493 3602 βως
520 3512 689 3599 ἐπέβαλον
712 3509 772 3585 τὰς
797 3522 919 3608 χεῖρας,
942 3512 1099 3604 λέγοντες
1127 3507 1227 3587 αῦτὰς
1252 3508 1473 3603 ὃιωρθωκέναι.

426 3625 678 3710 --’Όσης
696 3626 731 3699 δὲ
746 3628 873 3710 τόλμης
892 3628 967 3699 ἐστὶ
991 3633 1095 3699 τοῦτο
1118 3623 1161 3698 τό
1182 3622 1375 3722 ἁμόρτημα,
1394 3622 1475 3699 εἰκὸς

426 3740 506 3823 μηδὲ
519 3743 649 3819 ἐκείνους
663 3743 803 3834 ἆγνοεΐν.
822 3743 840 3824 ί]
854 3741 922 3836 γὰρ
936 3744 974 3813 οῦ
986 3745 1196 3813 πιστεύουσιν
1205 3742 1292 3833 ἁγίῳ
1304 3739 1475 3822 Πνεῦματι

426 3854 586 3951 λελέχθαι
611 3853 672 3931 τὰς
699 3854 795 3930 Θείας
820 3851 969 3949 γραφὰς,
994 3854 1046 3922 καὶ
1073 3853 1154 3922 είσὶν
1180 3850 1331 3922 ἄπιστοι·
1359 3851 1377 3932 ἢ
1402 3852 1473 3921 ἔαυ-

426 3963 502 4043 τοῦς
529 3968 684 4058 ἡγοῦνται
710 3966 923 4062 σοφωτέρους
944 3971 1005 4035 τοῦ
1031 3964 1130 4054 ιίγίου
1157 3962 1349 4043 Πνεῦματος
1373 3958 1477 4055 ὑπόρ-

426 4103 506 4175 χειυ·
528 4077 579 4148 καί
596 4080 633 4148 τί
648 4080 761 4175 ἕτερον
779 4079 798 4161 ἦ
816 4078 1030 4161 όαιμονῶσιν;
1057 4078 1149 4169 apud
1166 4074 1360 4145 Eusebium
1378 4072 1474 4147 Hisi.

426 4193 521 4265 Εοοί.
540 4217 571 4262 v.
590 4199 649 4264 28.
667 4217 701 4287 p.
718 4199 802 4272 377.
821 4193 906 4263 edit.
925 4193 1076 4263 Burton.
1129 4189 1221 4259 Haee
1247 4189 1368 4259 scribit
1394 4212 1476 4261 suc-

426 4318 484 4379 tor
525 4318 647 4380 eontra
688 4309 876 4381 haereticos
914 4307 1097 4378 Christum
1135 4306 1256 4377 Deum
1295 4326 1371 4374 esse
1413 4327 1475 4375 ne-

425 4434 559 4519 gentes.
