3817 5692
799 666 1108 730 DlSPU'l‘ATIO.
1434 670 1477 735 77

429 842 505 932 ipse
530 840 566 909 in
591 838 647 910 bis
672 840 803 931 pariter
823 840 1048 910 cruciabitur.
1100 837 1209 909 lNon
1231 842 1300 911 ista
1317 843 1477 913 sentiatis

430 956 631 1047 quicunque
657 953 780 1025 salutis
805 965 928 1024 vestrae
954 976 1072 1025 curam
1100 955 1246 1046 geritis?
1271 956 1475 1049 exemplum

429 1072 525 1141 enim
544 1070 642 1139 vobis
659 1071 784 1153 dicam,
803 1080 846 1140 ut
864 1069 1002 1161 plenius
1019 1069 1236 1162 intelligatis.
1275 1070 1397 1141 Unum
1416 1096 1476 1143 vas

429 1196 484 1256 est
509 1187 684 1265 mundus;
710 1184 825 1277 'quod
854 1184 922 1257 Dei
953 1185 1151 1256 substantia
1179 1195 1295 1256 totum
1322 1187 1389 1258 hoc
1417 1210 1476 1259 vas

428 1299 589 1391 replevit,
615 1300 792 1390 quomodo
811 1301 888 1390 jam
915 1307 1034 1391 potest
1064 1300 1100 1368 in
1134 1300 1210 1390 ipso
1236 1322 1316 1370 vase
1342 1301 1476 1391 aliquid

429 1414 580 1505 amplius
601 1415 746 1507 reponi?
773 1414 811 1485 Si
838 1415 1015 1507 repletum
1033 1426 1096 1496 est,
1115 1416 1292 1506 quomodo
1311 1417 1478 1505 suscipiet

429 1528 522 1618 quod
551 1530 703 1620 ponitur,
734 1531 800 1600 nisi
827 1540 1019 1599 evacuetur
1048 1530 1094 1598 de
1122 1551 1204 1599 vase
1231 1551 1310 1620 pars
1336 1529 1476 1621 aliqua?

428 1640 523 1713 ³Aut
539 1667 611 1735 quo
629 1645 796 1736 proficiet,
815 1646 909 1736 quod
927 1644 1169 1727 evacuabitur,
1187 1667 1267 1713 cum
1291 1644 1388 1715 locus
1406 1669 1476 1715 non

428 1758 497 1829 sit?
525 1758 596 1830 Ubi
612 1761 729 1832 terrai
743 1760 803 1830 ubi
825 1760 973 1831 eaelum?
999 1760 1059 1831 ubi
1074 1760 1242 1851 abyssus?
1266 1760 1326 1830 ubi
1340 1761 1476 1831 stellae?

428 1874 488 1944 ubi
512 1873 650 1946 ‘sedesi
677 1874 974 1946 ubiPotestutesi
1004 1876 1066 1944 nbi
1082 1874 1287 1967 Principes?
1304 1875 1475 1946 ubitene-

430 1989 500 2060 broe
511 1990 723 2061 exteriores?
737 1992 816 2081 quis
827 1999 881 2060 est
892 1990 952 2080 qui
967 1990 1093 2060 borum
1105 1992 1222 2082 posuit
1234 1990 1475 2072 fundamenta,

429 2112 466 2170 et
478 2103 564 2172 ubil
595 2103 679 2172 Non
696 2112 813 2195 potest
831 2103 958 2193 aliquis
975 2104 1102 2184 dicere,
1121 2103 1186 2173 nisi
1205 2103 1297 2173 forte
1315 2103 1475 2195 blasphe-

428 2229 512 2287 met.
565 2218 752 2301 Quomodo
778 2229 899 2288 autem
925 2229 964 2287 et
986 2218 1138 2288 condere
1163 2219 1281 2311 potuit
1297 2229 1475 2289 creaturas

429 2358 498 2405 non
519 2336 732 2407 subsistente
750 2335 921 2407 materiai
947 2336 975 2405 si
994 2336 1089 2405 enim
1107 2335 1152 2405 de
1169 2357 1240 2403 non
1257 2335 1474 2416 extantibus,

428 2461 664 2543 consequetur
689 2452 777 2521 cbas
805 2451 959 2521 visibiles
990 2461 1167 2520 creaturas
1197 2450 1360 2520 meliores
1385 2473 1473 2536 esse,

428 2574 466 2634 et
482 2567 645 2637 omnibus
663 2567 853 2637 virtutibus
879 2566 1008 2657 plenas.
1061 2565 1166 2649 Quod
1193 2566 1220 2634 si
1247 2565 1384 2634 malitia
1409 2574 1474 2648 est,

428 2690 466 2750 et
489 2706 583 2753 mors
608 2685 643 2754 in
666 2684 726 2766 eie,
745 2694 783 2752 et
800 2684 988 2775 corrupti0,
1007 2697 1044 2751 et
1068 2682 1198 2771 siquid
1226 2681 1319 2749 bono
1337 2690 1475 2750 contra-

428 2800 517 2869 rium
537 2810 612 2880 est3
638 2801 816 2892 quomodo
834 2823 878 2868 ex
896 2798 1109 2869 alienatore
1126 2796 1236 2866 saetas
1253 2818 1329 2865 esee
1346 2819 1405 2866 eas
1423 2796 1475 2866 di·

428 2916 565 2987 cimus?
586 2916 625 2987 si
644 2940 726 2986 vero
743 2915 972 2986 consideretis
984 2913 1163 3005 quomodo
1179 2922 1394 3004 generentur
1411 2912 1473 2982 filii

428 3032 621 3114 hominum,
656 3033 843 3102 invenietis
878 3054 947 3100 non
983 3052 1060 3099 esee
1095 3028 1289 3098 Dominum
1323 3028 1475 3098 hominis

428 3156 645 3228 creatorem
673 3146 734 3216 sed
761 3146 883 3229 aliurn,
902 3146 963 3237 qui
987 3156 1025 3214 et
1046 3146 1121 3236 ipse
1146 3145 1312 3236 ingenitae
1333 3153 1388 3214 est
1413 3167 1475 3213 na-

429 3272 526 3344 turae,
548 3264 647 3353 cujus
672 3262 834 3331 conditor
860 3259 989 3341 nullus,
1016 3281 1081 3328 nec
1106 3267 1252 3335 creator,
1270 3279 1336 3326 neo
1362 3256 1475 3326 factor

428 3389 492 3460 est,
516 3380 578 3449 sed
605 3379 678 3449 sola
703 3377 840 3447 malitia
865 3398 929 3446 sua
953 3375 1063 3445 talem
1087 3397 1170 3444 eum
1193 3372 1352 3466 protulit.
1404 3373 1474 3444 Est

427 3495 537 3589 igitur
570 3496 668 3566 vobis
707 3493 908 3564 hominibus
942 3492 1151 3562 commixtio
1189 3514 1270 3559 cum
1305 3489 1474 3559 uxoribus

428 3609 552 3680 vestris
570 3609 614 3678 de
639 3605 882 3698 hujuscemodi
900 3605 1083 3676 occasione
1100 3603 1328 3674 descendens.
1380 3603 1473 3673 Cum

428 3723 505 3815 quis
524 3733 677 3792 vestrum
697 3720 895 3791 carnalibus
912 3718 1060 3809 aliisque
1077 3717 1165 3788 cibis
1190 3718 1299 3786 fuerit
1315 3718 1473 3800 satiatus,

428 3850 515 3910 tunc
538 3842 570 3909 ei
588 3837 881 3930 concupiscentiae
907 3835 1066 3904 oboritur
1086 3834 1257 3913 incitatio,
1276 3841 1313 3902 et
1339 3834 1389 3903 ita
1413 3857 1474 3926 ge-

428 3956 572 4027 nerandi
598 3954 660 4025 filii
688 3954 824 4025 fructus
850 3958 1069 4046 adgemunt
1094 3973 1165 4018 non
1187 3972 1233 4018 ex
1254 3951 1386 4018 virtute
1411 3949 1474 4018 ali-

428 4095 505 4164 qua,
525 4094 591 4141 nec
617 4094 662 4141 ex
689 4068 916 4162 philosophia,
935 4090 1001 4136 nec
1019 4088 1064 4136 ex
1088 4065 1158 4134 alio
1176 4064 1249 4134 ullo
1267 4064 1474 4147 intellectu;

315 4249 318 4253 .
429 4188 490 4257 sed
508 4209 553 4258 ex
577 4187 651 4257 sola
668 4186 825 4256 ciborum
844 4183 1019 4263 satietate,
1038 4190 1076 4251 et
1096 4180 1253 4263 libidine,
1271 4189 1310 4250 et
1326 4181 1475 4251 fornica-

644 4400 657 4433 θ
671 4390 705 4447 lo
719 4390 816 4446 codice
831 4387 980 4444 Catinensi
994 4394 1048 4450 est,
1063 4393 1271 4458 consequentes.

469 4515 476 4538 ¹
495 4506 573 4579 [For.
590 4506 650 4562 sinc
663 4504 885 4578 interrogatione
899 4500 1078 4575 legendum]
1167 4503 1175 4525 ²
1192 4496 1270 4566 (For.
1286 4497 1393 4570 quoda
1407 4496 1472 4565 Dei,

428 4613 458 4660 ut
473 4623 548 4679 saepe
559 4604 657 4675 inira]
776 4607 784 4636 ¹
803 4601 883 4673 [For.
899 4599 963 4670 Aa]
1063 4605 1073 4632 ⁴
1090 4596 1168 4668 [For.
1184 4594 1298 4664 sidera]
