3817 5692
506 699 527 762 6
878 701 1181 764 ARCHELAUS.

507 890 573 953 prae
589 869 734 932 manibus
753 869 906 932 Latinum
929 869 1135 952 interpretem
1152 867 1309 942 habuisse,
1326 889 1389 929 nou
1404 869 1499 930 modo
1514 891 1553 931 cx

507 970 653 1034 universa
679 972 746 1054 ejus
774 971 941 1047 locutione,
969 992 1039 1054 quse
1065 971 1197 1044 Graecae,
1223 991 1286 1031 non
1316 991 1389 1032 vero
1417 970 1553 1052 Syriacae

508 1071 623 1156 linguoe
638 1070 785 1147 indolem,
801 1071 991 1155 geniumque
1007 1071 1139 1147 redolet,
1161 1071 1239 1133 satis
1255 1092 1409 1154 superque
1425 1071 1553 1133 demon-

507 1180 641 1250 stratur,
665 1172 891 1236 verumetiam
913 1172 1055 1255 pluribus
1079 1171 1148 1235 aliis
1168 1171 1364 1254 argumentis
1383 1170 1554 1234 fortissime

507 1275 671 1339 evincitur.
716 1275 839 1358 Quippe
861 1274 893 1335 in
916 1275 1010 1357 hujus
1032 1272 1255 1357 disputationis
1276 1294 1344 1356 cap.
1361 1272 1423 1335 viii.
1443 1273 1491 1335 ita
1510 1272 1554 1335 lo

508 1377 624 1460 quitur.
644 1378 719 1439 Cam
739 1376 836 1459 ipit-zar
850 1375 924 1438 luna
939 1396 1020 1449 onus,
1035 1375 1115 1458 quod
1129 1374 1216 1458 pail,
1232 1375 1417 1448 animarum,
1438 1374 1555 1437 soecu-lz's

507 1479 674 1542 tradiderit
686 1479 796 1562 patris,
806 1486 984 1562 permanent
1001 1475 1065 1538 illce
1082 1478 1117 1538 ia
1131 1476 1268 1538 coleram
1280 1475 1396 1559 plorice,
1412 1474 1492 1558 quod
1510 1497 1553 1537 ce

508 1589 597 1642 catur
610 1580 660 1641 cir
672 1580 835 1663 perfectus.
879 1578 943 1641 Hie
960 1588 1060 1641 autem
1075 1579 1125 1639 ‘eir
1143 1587 1185 1640 cst
1199 1577 1335 1640 colomna
1353 1576 1437 1639 lucis.
1475 1577 1553 1656 Quae

508 1680 605 1744 verba
627 1681 674 1744 ita
695 1680 844 1765 leguntur
865 1680 898 1742 in
918 1681 1033 1742 Graeca
1054 1680 1139 1762 apud
1165 1678 1379 1762 Epiphanium
1400 1678 1552 1740 versione.

507 1786 569 1860 Τῆς
584 1783 637 1845 οὖν
652 1782 782 1861 σελήνης
795 1783 1006 1861 μεταδιδούσης
1016 1780 1069 1842 τὸν
1085 1782 1179 1861 γόμον
1190 1785 1249 1842 τῶν
1263 1785 1383 1861 ψυχῶν,
1396 1785 1455 1844 τοῖς
1467 1781 1553 1841 albor

508 1890 560 1947 τοῦ
584 1885 694 1964 πατρὸς
717 1883 939 1963 παραμένουσιν
959 1885 992 1944 ἓν
1010 1884 1049 1964 τῷ
1070 1885 1168 1965 στύλῳ
1187 1884 1236 1957 τῆς
1256 1879 1352 1957 δόξης,
1369 1880 1401 1946 ὃς
1421 1886 1553 1943 καλεῖται

508 1984 565 2064 ἀὴρ
580 1986 596 2046 d
613 1984 735 2049 τέλειος·
757 1984 821 2044 ὅδὲ
842 1982 896 2060 ἀὴρ
913 1982 997 2047 οὗτος
1012 1983 1121 2047 στύλος
1139 1983 1204 2044 ἐστὶ
1219 1984 1326 2061 φωτός.
1373 1981 1423 2044 Ex
1440 1982 1553 2065 quibus

508 2092 610 2170 patet,
628 2085 781 2148 Latinum
796 2083 1003 2165 interpretem
1020 2083 1204 2146 Graecamm
1220 2106 1332 2147 vocum
1347 2084 1553 2148 similitudine

507 2188 687 2271 deceptum,
707 2207 765 2269 pro
788 2186 854 2265 ἀὴρ,
869 2190 906 2247 ut
929 2184 1128 2269 Epiphanius
1151 2186 1260 2263 habet,
1282 2187 1355 2267 ἀνὴρ
1380 2186 1502 2271 legisse,
1520 2195 1553 2250 et

507 2310 580 2352 cum
603 2295 725 2352 vertere
747 2287 918 2366 debuisset,
933 2289 1117 2350 Permuaeat
1139 2287 1202 2351 illa
1224 2289 1259 2350 ia
1279 2289 1416 2352 columna
1434 2289 1551 2373 qlorioe,

507 2411 575 2474 qua
590 2400 714 2453 cecatur
727 2399 783 2452 αέν
791 2392 966 2474 passumus,-
991 2396 1047 2451 adr
1060 2399 1158 2453 autom
1175 2390 1228 2453 aa
1247 2400 1287 2453 est
1303 2389 1439 2453 colantes
1454 2389 1550 2462 lucis,-

508 2490 613 2575 ipsum
640 2490 722 2554 male
745 2491 992 2575 interpretatum
1015 2491 1119 2560 luisse,
1152 2491 1239 2569 Quod
1261 2500 1385 2554 amatur
1410 2492 1460 2553 eir
1479 2513 1552 2574 per-

499 2594 623 2677 fectam·
658 2592 708 2655 lic
736 2603 833 2655 aretem
863 2594 913 2655 cir
937 2603 979 2657 cst
1006 2592 1145 2655 colunias
1171 2593 1267 2664 lucia-
1303 2592 1335 2654 in
1359 2614 1452 2675 quern
1478 2615 1553 2656 sanc

507 2715 646 2758 errorem
668 2716 730 2757 nen
751 2694 923 2769 incidisset,
944 2694 970 2756 si
990 2695 1032 2758 ad
1053 2693 1174 2778 Syriaci
1190 2699 1299 2757 textus
1314 2692 1420 2769 fidem,
1437 2693 1468 2755 in
1491 2715 1553 2776 quo

509 2819 657 2882 magnum
680 2797 764 2861 inter
788 2804 955 2880 utramque
978 2818 1084 2860 vocem
1108 2796 1275 2859 discrimen
1298 2800 1359 2869 est,
1379 2794 1552 2857 versionem

507 2921 599 2964 suam
614 2898 816 2963 elaborasset.
862 2898 944 2961 Sunt
960 2906 993 2961 et
1014 2898 1084 2961 aliae
1100 2898 1241 2981 ejusdem
1256 2896 1438 2980 interpretis
1454 2895 1553 2960 hallu-

507 3001 695 3077 cinationes,
721 3022 760 3062 ex
791 2999 904 3082 quibus
932 2999 965 3061 id
996 2999 1099 3082 ipsum
1128 2998 1359 3061 evidentissime
1385 2997 1551 3080 colligitur.

508 3100 671 3185 Siquidem
697 3122 765 3184 cap.
788 3099 837 3161 vii.
865 3100 905 3162 de
931 3099 1046 3162 viventi
1074 3098 1187 3180 spiritu
1214 3121 1235 3162 a
1260 3098 1392 3161 Moneta
1418 3099 1553 3162 conficto

508 3200 650 3284 loquens,
666 3199 712 3262 uit
722 3224 732 3275 ;
757 3200 876 3262 Rursus
890 3199 955 3283 ipsc
974 3199 1076 3262 uicem
1094 3200 1221 3283 spiritus
1240 3198 1352 3261 crescit
1372 3199 1552 3276 lurra-inuria,

490 3286 493 3292 ’
507 3324 577 3384 qaoe
589 3310 658 3364 card
672 3300 809 3384 reliquie
823 3301 946 3376 cairam,
961 3310 988 3363 et
998 3301 1078 3382 see-it
1092 3322 1126 3362 eu
1138 3302 1367 3382 firmamentum
1382 3302 1551 3378 circumire,

507 3412 538 3466 et
557 3404 666 3466 iteum
687 3402 800 3464 creauit
821 3411 944 3477 terram,
969 3412 995 3465 et
1016 3412 1084 3465 suist
1109 3412 1178 3465 octo.
1225 3401 1309 3464 Hinc
1331 3410 1440 3466 autem
1461 3411 1552 3488 patet

509 3504 610 3590 ipsum
624 3504 739 3567 Grseco
754 3503 924 3587 exemplari
935 3526 1026 3566 usum
1037 3503 1144 3582 fuisse,
1153 3504 1185 3566 in
1198 3493 1260 3587 quo
1271 3505 1425 3588 scriptum
1436 3505 1551 3574 fuerat.

509 3607 569 3668 εἰσὶ
584 3608 615 3668 δὲ
631 3606 716 3679 ὀκτὼ,
734 3606 780 3669 vel
797 3606 855 3668 εἰσὶ
871 3606 905 3684 δὴ
920 3607 1006 3679 ὀκτὼ,
1022 3628 1094 3669 curn
1109 3615 1217 3669 tamen
1233 3607 1318 3689 apud
1339 3606 1552 3691 Epiphaniam

508 3706 644 3791 legatur,
668 3709 709 3773 εἰς
732 3710 792 3784 εἴδη
816 3708 900 3782 ὀκτὼ,
922 3706 1064 3790 autumi-ici
1082 3708 1198 3790 specie‚·
1228 3729 1297 3790 quae
1320 3729 1395 3770 sane
1417 3710 1552 3792 aequivo

509 3807 594 3871 catio
616 3830 678 3871 non
700 3831 740 3871 ex
764 3809 904 3891 Syriaca,
920 3810 975 3872 sed
999 3831 1038 3872 cx
1063 3810 1179 3872 Graeea
1202 3817 1328 3872 tant-um
1347 3809 1455 3895 lingua
1477 3812 1552 3874 eriri

509 3915 646 3992 poterat.
684 3909 735 3972 Sic
755 3931 824 3993 cap.
841 3909 902 3973 viii.
918 3932 992 3993 pag.
1010 3931 1059 3990 14,
1074 3911 1180 3987 vortit,
1196 3911 1464 3995 ffurrdufamam,
1480 3936 1551 3976 cum

508 4017 632 4074 vertere
646 4010 817 4086 debuisset,
831 4021 950 4095 pestem,
966 4032 987 4073 a
1003 4012 1186 4074 Graecarum
1202 4034 1313 4075 vocum
1334 4014 1430 4091 λιμὸς,
1439 4016 1551 4097 fantes,

507 4119 542 4176 et
556 4112 672 4191 λοιμὸς,
679 4114 783 4197 pesas,
800 4112 1004 4177 similitudine
1019 4114 1181 4198 deceptus,
1199 4122 1235 4176 ut
1250 4113 1282 4175 in
1295 4115 1411 4178 nostris
1423 4116 1464 4178 ad
1480 4137 1552 4178 eum

508 4214 610 4277 locum
626 4214 710 4278 notis
723 4215 964 4279 observavimus.
1001 4216 1052 4278 Sic
1064 4238 1133 4298 cap.
1145 4216 1187 4278 ix.
1206 4239 1278 4301 pag.
1295 4219 1343 4292 16,
1360 4237 1418 4301 pro
1429 4216 1551 4294 πήσσει,

507 4315 647 4400 cmtpchzt,
654 4317 776 4400 sriyorc
790 4317 965 4402 adstrinpit,
982 4324 1019 4381 ut
1033 4324 1083 4381 cst
1097 4319 1181 4401 apud
1200 4317 1425 4401 Epiphanium,
1440 4316 1552 4401 legisse

508 4417 634 4481 videtur
647 4418 789 4496 πλήσσει,
799 4421 940 4503 percutit,
958 4423 1040 4483 utin
1055 4420 1172 4483 eisdem
1187 4419 1272 4482 notis
1284 4420 1455 4483 docuimus.
1492 4419 1552 4482 Re

509 4520 591 4584 tinet
605 4520 702 4584 etiam
722 4521 888 4585 nonnullas
906 4544 999 4585 voees
1015 4523 1144 4585 Graecas
1163 4521 1352 4584 inversione
1368 4543 1434 4597 sua,
1451 4528 1485 4583 et
1503 4520 1551 4582 in-

508 4622 633 4685 terdum
655 4621 781 4705 quidem
801 4622 958 4695 absolute,
974 4622 1133 4686 interdum
1155 4644 1227 4686 vcro
1247 4622 1360 4686 addita
1380 4622 1551 4685 earundem
