3817 5692
643 703 707 766 DE
732 704 1113 771 REBAPTISMATE
1138 708 1294 772 LIBER.
1425 714 1490 782 298

442 878 525 962 bet3
551 901 633 948 curn
646 881 683 948 in
697 902 735 949 re
748 880 832 950 olim
847 882 1045 972 composita
1057 890 1094 951 et
1107 883 1278 966 ordinata,
1293 886 1489 975 quodcum-

441 1016 511 1085 que
545 1004 600 1065 est
638 994 726 1065 illud
766 996 860 1088 quod
895 1004 1019 1068 contra
1053 994 1296 1070 Ecclesiamm
1330 1002 1487 1092 quietem

440 1121 548 1203 atque
577 1135 701 1204 pacem
731 1112 767 1183 in
801 1113 960 1183 medium
991 1115 1214 1206 producatur,
1245 1115 1333 1185 nihil
1362 1126 1490 1209 prater

441 1226 630 1298 discordias
664 1236 701 1297 et
735 1228 934 1299 simultates
965 1238 1002 1299 et
1036 1230 1227 1302 schismata
1258 1232 1488 1318 ¹allaturum3

440 1346 501 1414 ubi
525 1347 644 1417 nullus
666 1347 756 1418 alius
773 1347 909 1419 fructus
931 1350 1135 1440 reperiatur,
1154 1352 1219 1421 nisi
1243 1351 1301 1422 hic
1325 1352 1429 1435 solus,
1446 1363 1488 1423 ut

440 1483 531 1531 unus
549 1462 666 1546 homo,
684 1464 899 1555 quicumque
921 1463 982 1534 ille
999 1474 1064 1547 est,
1082 1487 1219 1559 magna
1234 1468 1432 1559 prudentiae
1450 1478 1488 1539 et

439 1579 646 1647 constantia
673 1599 750 1649 esse
776 1580 870 1670 apud
896 1580 1066 1670 quosdam
1093 1579 1188 1651 leves
1211 1581 1372 1653 homines
1391 1584 1486 1654 inani

438 1691 550 1784 gloria
575 1694 783 1785 praedicetur
805 1702 844 1763 et
866 1694 1111 1764 haereticorum
1129 1702 1289 1788 'stupore
1309 1699 1486 1790 preditus,

439 1807 582 1899 (quibus
605 1809 673 1880 hoc
696 1811 840 1880 unicum
863 1811 1071 1903 perditionis
1093 1810 1260 1882 solatium
1280 1823 1344 1895 est,
1363 1816 1392 1885 si
1414 1837 1486 1885 non

438 1922 503 1993 soli
527 1947 672 2016 peceare
689 1928 902 2022 videantur)
921 1950 1055 1998 errores
1078 1937 1115 1997 et
1133 1927 1222 1999 vitia
1244 1930 1486 2001 universarum

438 2041 665 2113 ecclesiarum
687 2044 880 2115 correxisse
905 2046 999 2137 apud
1025 2043 1223 2116 simillimos
1249 2047 1302 2116 sui
1325 2056 1363 2117 et
1388 2071 1487 2119 com-

437 2180 537 2249 pares
557 2160 767 2231 celebretur.
820 2159 1083 2233 Haereticorum
1111 2164 1206 2232 enim
1232 2163 1392 2234 omnium
1417 2163 1486 2235 hoc

436 2276 593 2345 studium
627 2286 735 2369 atque
770 2280 988 2371 propositum
1023 2287 1088 2360 est,
1120 2281 1347 2350 sanctissima
1380 2282 1484 2351 matri

436 2401 563 2461 nostrae
597 2392 765 2464 Ecclesiae
799 2381 1012 2485 ejmoemodi
1053 2405 1091 2465 et
1130 2394 1298 2487 plurimas
1336 2407 1485 2489 quantas

435 2506 629 2579 calumnias
662 2518 829 2591 nectere,
869 2519 907 2581 et
945 2512 1121 2581 invenisse
1154 2510 1288 2602 aliquid
1321 2514 1416 2603 quod
1450 2514 1484 2584 ci

435 2622 582 2705 crimini,
618 2621 675 2692 vel
712 2624 822 2693 etiam
860 2623 999 2707 leviter,
1035 2625 1109 2694 dari
1143 2634 1272 2716 posset,
1307 2646 1483 2696 summam

433 2738 584 2832 gloriam
614 2739 754 2810 ducere.
807 2739 911 2824 Quod
942 2762 1025 2810 cum
1059 2738 1198 2809 nullum
1231 2761 1323 2809 sana
1352 2739 1483 2809 mentis

434 2852 593 2923 fidelium
611 2862 742 2937 tenere,
757 2854 813 2925 vel
831 2857 989 2924 maxime
1006 2853 1144 2924 nullum
1163 2854 1307 2923 omnino
1325 2853 1380 2922 ’in
1397 2875 1484 2944 quo·

433 2990 586 3059 cumque
611 2968 705 3038 clero
730 2970 977 3052 constitutum,
998 2992 1039 3040 ac
1062 2968 1178 3038 multo
1200 2968 1312 3061 magis
1329 2970 1483 3060 ⁴episco-

432 3083 717 3176 porum,}audere
739 3086 874 3168 deceat,
896 3086 1046 3156 monstri
1069 3085 1185 3155 simile
1208 3094 1273 3167 est,
1290 3086 1385 3176 ipsos
1409 3086 1483 3177 epi-

432 3220 556 3292 scopos
582 3200 668 3271 talia
693 3199 858 3270 scandala
881 3201 1048 3294 cogitare,
1065 3209 1103 3269 et
1125 3199 1383 3292 turpitudinem
1406 3222 1482 3271 rna-

432 3317 495 3385 tria
519 3316 701 3400 Ecclesiae,
727 3317 884 3407 siquam
912 3323 1041 3408 putant
1065 3316 1102 3385 in
1129 3313 1197 3386 hoc
1224 3316 1368 3409 negotio
1393 3338 1480 3400 esse,

430 3441 554 3501 contra
587 3440 803 3525 preceptum
842 3430 931 3524 legia
963 3439 1002 3501 et
1036 3430 1194 3500 omniurn
1227 3431 1479 3523 scripturarum

429 3548 535 3619 nimis
563 3549 814 3630 inreverenter,
841 3549 942 3617 ⁵cum
977 3568 1040 3617 sua
1072 3546 1229 3638 ipsorum
1258 3547 1478 3638 turpitudine

470 3720 478 3743 ¹
500 3714 663 3786 allaturum]
682 3713 745 3769 For.
761 3711 940 3769 scribendum
956 3719 1000 3768 ert
1010 3710 1160 3767 allaturum
1174 3710 1219 3765 sit.

469 3812 478 3835 ⁹
499 3817 615 3884 stupore
636 3810 784 3885 praeditus]
801 3807 985 3882 Arrogantia,
1000 3806 1141 3881 superbia,
1156 3814 1188 3861 ut
1201 3814 1279 3862 reete
1301 3807 1411 3864 monuit
1425 3791 1476 3864 'Ri-

427 3906 540 3981 galtius.
583 3907 650 3962 Vox
663 3907 712 3963 illa
730 3907 759 3962 in
778 3925 813 3963 eo
831 3924 917 3962 sensu
935 3912 1070 3977 usurpata
1083 3911 1127 3960 est
1141 3921 1158 3959 a
1171 3903 1314 3977 cypriano
1329 3912 1359 3961 et
1372 3923 1390 3961 a
1403 3905 1476 3962 Pon-

427 4000 468 4056 tio
482 4000 544 4073 ejus
558 4000 686 4056 diacono.
722 3999 805 4073 Apud
816 3999 941 4056 Marium
951 3998 1143 4056 Mercatorem
1158 4017 1226 4074 pag.
1243 4015 1259 4073 7
1261 4015 1291 4075 5.
1308 4000 1337 4056 in
1352 4001 1476 4059 editione

428 4105 526 4152 nostra
547 4096 660 4172 legitur,
675 4096 703 4152 in
724 4105 837 4171 stupore
858 4104 994 4151 remaneat
1015 4096 1132 4152 dentiam
1145 4095 1251 4153 Paulus
1268 4096 1474 4155 Samoscterrua.

429 4194 548 4250 Brauz:

467 4299 476 4330 ³
497 4294 526 4349 in
548 4310 724 4367 quocumque
743 4291 819 4347 clero
840 4290 1041 4365 constitutum]
1062 4289 1096 4346 ld
1115 4290 1207 4347 estin
1228 4290 1354 4365 quolibet
1375 4291 1474 4347 ordine

426 4408 523 4445 eorum
539 4389 628 4463 quiin
644 4389 719 4446 clero
733 4398 981 4446 connumerantur.
1005 4389 1118 4446 Bauuz.

466 4496 476 4524 ⁴
497 4487 708 4561 episcoporum]
726 4486 828 4543 Malim
840 4487 937 4561 legere
950 4488 1112 4562 episcopum.

466 4589 474 4621 ⁵
496 4604 560 4641 cum
573 4603 623 4641 sua
633 4585 772 4659 ipsorum]
786 4583 912 4641 Mutavit
924 4585 951 4640 in
963 4602 1022 4641 erm
1033 4585 1092 4659 ἐμω
1103 4584 1224 4659 iptorum
1235 4580 1377 4647 Baluzius,
1387 4600 1471 4658 quem

425 4701 483 4739 non
498 4691 611 4739 secutus
625 4700 696 4738 sum.
