3817 5692
429 704 493 763 aso
796 700 1115 763 sancusnnm
1154 790 1158 795 .

431 870 527 939 Nam
553 893 634 940 cum
662 871 706 940 de
732 870 849 962 Magis
875 870 1091 961 loqueretur,
1110 867 1266 957 Qunam
1283 876 1406 949 tomen,
1426 868 1483 937 in-

266 1006 396 1084 uentus
429 988 517 1076 quit,
534 986 736 1078 precipuus
752 983 936 1064 Hostanes,
957 994 989 1055 et
1005 982 1165 1078 sormam
1189 983 1263 1053 veri
1279 981 1352 1052 Dei
1378 991 1483 1078 nepot

265 1072 408 1200 {³223
429 1101 581 1193 complet
591 1124 703 1194 posse,
717 1110 748 1171 et
760 1098 896 1194 onpelos
910 1108 918 1135 ¹
930 1122 1027 1170 ceros
1039 1097 1114 1168 sedi
1125 1098 1197 1190 ejus
1210 1097 1297 1167 dicit
1309 1098 1482 1167 assistere.

429 1213 476 1283 In
494 1238 560 1307 qno
576 1225 608 1285 et
625 1213 729 1285 Pluto
744 1216 827 1307 pori
843 1215 979 1285 ratione
996 1215 1170 1293 consentit,
1188 1223 1220 1284 et
1238 1236 1343 1282 unum
1360 1210 1481 1282 Deum

429 1354 577 1407 cennens,
601 1340 726 1401 ceteros
752 1328 888 1426 onpelos
912 1329 966 1400 cel
992 1329 1167 1400 doemonos
1191 1328 1286 1399 dicit.
1329 1327 1482 1398 Hermes

430 1468 560 1539 quoqne
580 1443 822 1541 Trismepistns
839 1468 945 1514 netum
963 1442 1078 1514 Deum
1104 1443 1266 1537 loquitur,
1284 1452 1316 1513 et
1331 1467 1405 1512 eum
1425 1443 1482 1512 in·

430 1559 760 1653 comprehensibilem
784 1569 884 1654 utque
906 1558 1178 1630 itzoestitnobihm
1200 1560 1386 1653 confitetur.
1440 1558 1481 1628 Si

430 1698 514 1767 ergo
532 1677 590 1746 isti
609 1677 786 1770 venissent
811 1675 856 1744 ad
882 1677 1143 1767 percipiendam
1162 1674 1398 1745 Christianam
1424 1696 1481 1742 sa-

430 1789 554 1870 lutem,
572 1814 642 1860 non
660 1794 783 1882 utique
801 1791 852 1859 eis
870 1791 1056 1871 diceretur,
1075 1789 1157 1859 Hoc
1174 1789 1307 1858 malum
1327 1789 1481 1871 habetis,

430 1904 487 1973 vel
505 1903 631 1974 falsum
648 1905 808 1974 habetis:
834 1906 896 1974 sed
917 1904 1021 1996 plane
1044 1906 1172 1974 merito
1190 1906 1376 1987 diceretur,
1396 1902 1481 1972 Hoc

430 2018 529 2088 vobis
551 2021 711 2110 quamvis
736 2022 915 2112 integrum
932 2030 971 2088 et
990 2043 1121 2100 verum,
1140 2020 1228 2089 nihil
1254 2031 1372 2089 tamen
1398 2042 1483 2109 pro-

430 2135 559 2216 desset,
577 2135 643 2202 nisi
660 2135 704 2203 ad
724 2133 855 2204 Christi
872 2136 1023 2227 gratiam
1042 2136 1217 2205 veniretis.
1270 2135 1309 2203 Si
1332 2157 1417 2226 ergo
1442 2134 1480 2200 in

431 2248 514 2338 ipsis
532 2246 682 2316 ethnicis
708 2258 825 2340 potest
847 2249 980 2341 aliquid
1007 2250 1164 2318 divinum
1192 2251 1339 2320 inveniri
1365 2257 1482 2317 recte-

430 2384 500 2452 que
528 2363 724 2453 approbari,
752 2365 913 2454 quamvis
941 2365 991 2433 eis
1018 2363 1113 2432 salus
1142 2364 1258 2433 adhuc
1288 2386 1310 2432 a
1337 2363 1482 2433 Christo

431 2474 626 2566 prestanda
650 2478 717 2559 sit;
744 2500 815 2546 non
842 2487 984 2569 oportet
1007 2501 1071 2546 nos
1097 2479 1148 2546 ita
1170 2479 1315 2558 moveri,
1339 2477 1481 2546 etiamsi

430 2590 567 2680 pejores
584 2602 667 2660 sunt
685 2592 850 2673 haeretici,
869 2602 909 2661 ut
926 2593 1019 2682 quod
1044 2594 1150 2661 ineis
1172 2591 1305 2661 malum
1324 2594 1479 2682 ipsorum

431 2719 486 2774 est
512 2705 661 2776 velimus
690 2709 875 2800 corrigere,
906 2717 943 2776 et
973 2709 1067 2798 qnod
1102 2708 1138 2775 in
1174 2709 1224 2777 eis
1257 2708 1390 2777 bonum
1425 2716 1484 2776 est

432 2818 563 2890 Christi
591 2822 743 2891 nolimus
762 2844 963 2913 agnoscere.
1015 2822 1086 2891 Sed
1108 2823 1184 2912 jam
1213 2834 1349 2892 ceteras
1375 2821 1484 2912 hujus

431 2936 570 3005 concilii
588 2937 782 3006 sententias
799 2937 1074 3028 pertractandae,
1092 2937 1137 3006 ab
1158 2936 1227 3005 alio
1251 2937 1485 3027 suscipiemus

432 3052 588 3120 exordio.

484 3164 574 3234 Non
600 3167 709 3235 simus
734 3166 874 3235 molesti
901 3166 1110 3258 legentibus,
1128 3168 1157 3235 si
1181 3167 1306 3235 eadem
1324 3165 1418 3234 varie
1440 3187 1484 3234 ac

433 3303 524 3370 saepe
550 3281 761 3350 disserimus.
812 3280 1038 3371 Quamquam
1062 3283 1156 3349 enirn
1179 3279 1339 3349 Ecclesia
1360 3277 1485 3348 catho-

433 3394 501 3463 lica
523 3403 644 3463 sancta
667 3396 702 3462 in
728 3395 891 3463 omnibus
915 3395 1082 3487 gentibus
1099 3395 1264 3464 adversus
1281 3416 1332 3473 ea,
1350 3416 1427 3483 quae
1445 3395 1484 3462 in

433 3509 501 3577 ista
518 3511 714 3599 quaestione
728 3509 773 3577 de
787 3509 972 3600 baptismo,
985 3508 1120 3595 (utrum
1135 3517 1173 3577 et
1189 3510 1281 3600 apud
1301 3508 1485 3577 haereticos

434 3634 471 3692 et
488 3623 729 3694 schismaticos
747 3625 840 3693 idem
858 3625 969 3715 possit
982 3646 1058 3692 esse
1072 3624 1132 3714 qui
1145 3633 1200 3693 est
1218 3624 1253 3691 in
1269 3621 1484 3709 Catholica‚)

433 3737 640 3807 nonnullam
659 3738 846 3830 caliginem
864 3738 1062 3818 offundunt,
1077 3738 1200 3829 priscae
1218 3736 1485 3806 consuetudinis

434 3859 472 3921 et
505 3853 650 3943 plenarii
681 3854 820 3922 concilii
851 3854 1063 3922 anctoritate
1096 3854 1234 3921 munita
1264 3853 1331 3920 sit:
1361 3865 1484 3919 tamen

434 3965 604 4054 quianon
623 3969 890 4036 contemnendis
909 3968 1001 4047 viris,
1020 3976 1058 4035 et
1081 3967 1235 4035 maxime
1254 3964 1428 4056 Cypriane
1446 3964 1484 4030 in

434 4082 510 4172 ipsa
539 4082 677 4150 unitate
706 4081 895 4173 aliquando
930 4080 1033 4149 aliter
1063 4081 1175 4150 visum
1207 4089 1271 4160 est,
1301 4080 1401 4169 cujus
1429 4078 1485 4145 uti

435 4195 620 4264 adversum
639 4218 702 4265 nos
719 4199 929 4265 auctoritate
947 4209 1130 4278 conantur,
1148 4197 1207 4286 qui
1225 4194 1329 4285 longe
1346 4193 1391 4262 ab
1408 4194 1487 4283 ejus

435 4314 584 4383 caritate
602 4316 728 4384 remoti
746 4323 849 4394 sunt3
875 4322 1060 4404 propterea
1077 4313 1237 4404 cogimur
1253 4333 1299 4378 ex
1317 4315 1488 4399 opportu-

436 4429 548 4496 nitate
571 4427 745 4496 tractandi
774 4439 812 4497 et
833 4427 1075 4496 considerandi
1104 4426 1231 4502 omnia
1250 4447 1328 4514 quae
1349 4424 1384 4490 in
1408 4420 1487 4511 ejus

845 4621 851 4642 ¹
871 4615 929 4687 [An
945 4615 1077 4686 servos?]
