3817 5692
791 738 1110 813 ¹DISPUTATIO.
1439 740 1481 803 73

432 926 509 975 esse
538 906 718 997 poteritis3
745 907 852 998 ipsius
878 909 972 976 enim
996 908 1132 997 judicio
1157 929 1325 998 suspensa
1350 910 1482 999 pendet

432 1021 516 1089 urbs
543 1030 678 1091 vestra:
706 1023 799 1112 quod
830 1024 858 1091 si
889 1023 934 1091 ab
964 1045 1179 1113 unoquoque
1208 1033 1364 1092 vestrum
1394 1025 1481 1115 abji-

431 1136 545 1205 ciatur
562 1158 651 1205 vana
677 1139 913 1229 praesumptio,
937 1147 975 1207 et
1002 1161 1045 1207 ea
1071 1161 1149 1228 quae
1177 1138 1339 1208 dicentur
1363 1163 1385 1209 a
1411 1163 1479 1221 me,

432 1252 505 1319 veri
539 1274 659 1321 amore
692 1252 891 1336 audiantur,
926 1255 1035 1322 futuri
1075 1253 1183 1322 seculi
1225 1254 1478 1338 haereditatem,

431 1365 597 1435 caelorum
627 1390 735 1459 regna
764 1369 921 1459 capietis.
980 1368 1069 1438 Sum
1100 1370 1244 1459 quidem
1275 1393 1342 1463 ego
1374 1370 1480 1441 Para·

431 1480 546 1562 clitus,
565 1482 625 1572 qui
642 1481 688 1550 ab
705 1480 793 1551 Jesu
816 1482 911 1550 mitti
936 1481 1128 1572 praedictus
1151 1504 1241 1563 sum,
1262 1480 1324 1551 ¹ud
1335 1505 1481 1576 arouca-

430 1591 512 1663 dum
539 1594 703 1664 mundam
727 1593 769 1664 dc
790 1604 939 1689 peccato,
958 1605 989 1666 et
1009 1595 1050 1665 do
1067 1595 1266 1689 ‘injustitia
1320 1596 1422 1666 Sicut
1443 1606 1481 1666 et

431 1708 491 1797 qui
515 1720 599 1780 ante
623 1733 681 1780 me
705 1712 829 1780 missus
846 1721 901 1781 est
920 1711 1062 1791 Paulus,
1081 1718 1143 1780 'ec
1156 1722 1256 1804 porte
1271 1712 1369 1791 scire,
1387 1714 1419 1781 el
1435 1734 1479 1780 ea

426 1832 528 1915 porte
543 1822 753 1918 prophetare
774 1848 812 1896 se
838 1827 940 1907 dixit,
959 1828 1044 1895 mihi
1071 1849 1260 1907 reservans,
1279 1826 1374 1917 quod
1400 1849 1479 1917 per·

430 1938 564 2008 fectum
595 1949 659 2023 est,
688 1950 729 2011 ut
761 1942 826 2012 hcc
858 1943 952 2033 quod
984 1965 1029 2012 ex
1062 1953 1163 2033 parte
1192 1952 1256 2024 eet,
1288 1944 1478 2012 destruam.

430 2052 589 2124 Tertium
617 2080 701 2149 ergo
729 2058 971 2127 testimonium
1003 2058 1163 2147 accipite,
1191 2056 1390 2148 apostolum
1419 2079 1477 2126 me

430 2191 506 2239 esse
530 2170 660 2241 Christi
684 2172 858 2242 electum:
885 2181 923 2241 et
950 2171 978 2240 si
1003 2170 1109 2239 vultis
1135 2192 1214 2239 mea
1239 2171 1344 2239 verba
1370 2172 1478 2240 susci·

429 2303 522 2371 pere,
541 2283 729 2353 invenietis
754 2285 927 2361 salutem
956 2283 1117 2353 nolentes
1141 2293 1273 2366 autem,
1291 2307 1353 2354 vos
1378 2296 1479 2355 aetcr·

429 2418 495 2465 nus
513 2397 603 2489 ignis
629 2398 815 2469 absumere
842 2398 961 2468 habet.
1014 2398 1117 2468 Sicut
1142 2400 1236 2468 enim
1263 2398 1480 2491 Hymenaeus

429 2520 467 2581 et
484 2510 691 2582 Alexander
706 2513 848 2584 ³troditt'
873 2522 952 2584 sant
975 2511 1127 2594 Salano,
1154 2523 1192 2583 ut
1216 2513 1384 2585 discerent
1409 2538 1479 2584 non

429 2624 682 2720 blasphemare:
716 2630 767 2699 ita
797 2639 833 2698 et
866 2652 926 2699 vos
956 2651 1078 2698 omnes
1109 2651 1290 2719 poenarum
1322 2628 1477 2721 Principi

430 2742 627 2825 trademini,
645 2767 709 2836 pro
736 2768 779 2813 eo
807 2744 902 2835 quod
930 2766 1056 2813 manus
1084 2743 1252 2833 injecistis
1278 2745 1314 2811 in
1340 2753 1477 2834 patrem
1543 2785 1546 2790 -

430 2855 570 2939 Christi,
588 2880 671 2927 cum
688 2881 770 2928 eum
789 2858 905 2927 dicitis
927 2878 1067 2927 causam
1092 2878 1168 2925 esse
1192 2857 1349 2925 omnium
1369 2856 1478 2925 malo-

428 2995 518 3055 rum,
544 2983 582 3043 et
611 2975 831 3044 conditorem
861 2972 1052 3063 injustitiae,
1079 2980 1116 3039 et
1144 2971 1254 3040 totius
1283 2971 1479 3060 iniquitatis

428 3096 634 3169 creatorem,
651 3109 697 3157 ex
715 3087 841 3156 eodem
864 3086 963 3154 fonte
987 3084 1127 3154 dulcem
1151 3093 1189 3155 et
1215 3107 1369 3154 amaram
1398 3109 1476 3177 pro-

429 3200 600 3270 ducentes
616 3223 762 3292 aquam:
782 3200 874 3291 quod
890 3200 963 3268 lieri
981 3208 1044 3268 aut
1057 3199 1210 3291 intelligi
1227 3198 1325 3268 nulla
1342 3201 1478 3269 ratione

429 3316 593 3408 possibile
622 3326 686 3386 est.
744 3316 811 3385 Cui
846 3317 942 3385 enim
973 3323 1114 3406 oportet
1143 3314 1265 3383 credi?
1303 3316 1478 3406 magistris

429 3435 553 3503 vestris
570 3433 656 3511 istis,
673 3433 733 3521 qui
751 3430 913 3500 carnibus
928 3438 1129 3513 vescuntur,
1147 3439 1184 3496 et
1202 3428 1477 3499 affluentissimis

428 3548 563 3618 deliciis
587 3547 824 3638 perfruuntur,
851 3555 913 3614 aut
943 3544 1116 3614 Salvatori
1143 3542 1284 3613 Christo
1309 3541 1396 3613 Jesu
1424 3543 1476 3611 di·

428 3663 532 3744 centi,
547 3664 639 3732 sicut
656 3662 824 3751 scriptum
844 3670 898 3729 cst
916 3661 952 3728 in
973 3658 1245 3751 Evangeliorum
1265 3656 1364 3739 libro,
1378 3654 1477 3726 4Νοη

423 3786 533 3871 potest
558 3774 661 3847 orbor
687 3772 775 3845 bono
800 3771 906 3843 aeolos
920 3771 1065 3867 fructus
1079 3770 1212 3866 fucere,
1240 3794 1346 3863 noque
1373 3767 1477 3840 orbor

468 4020 479 4061 t
501 4020 622 4076 Videtur
636 4020 682 4076 hic
696 4019 775 4076 locus
790 4039 806 4074 a
822 4018 948 4081 Meneta,
964 4016 1010 4072 vel
1029 4016 1064 4070 ab
1084 4012 1215 4086 imperito
1231 4011 1345 4067 librario
1360 4030 1476 4086 corrup-

426 4127 489 4182 tua;
512 4135 578 4172 nam
592 4116 620 4172 in
635 4135 716 4171 sacro
730 4123 821 4179 textu,
830 4115 953 4187 justitia,
970 4111 1101 4167 scribitur
1115 4108 1258 4165 contrario
1273 4126 1366 4163 sensu.
1389 4108 1477 4163 Varia

401 4280 408 4294 Ι
426 4222 519 4269 autem
536 4212 631 4269 Sacrae
646 4211 799 4285 Scripturae
813 4211 877 4265 loca
893 4209 990 4264 dolore
1010 4204 1204 4278 interpolasse,
1220 4213 1304 4276 utque
1319 4203 1478 4276 corrupisse

426 4311 573 4369 Manetcm
587 4312 691 4368 diserte
706 4310 862 4366 Archelaus
877 4306 978 4363 asserit
996 4305 1069 4361 inira
1082 4322 1144 4377 cap.
1161 4318 1208 4376 53.
1224 4310 1302 4358 etex
1318 4301 1478 4375 Epiphanio

425 4408 569 4483 colligitur
582 4408 611 4463 in
626 4407 753 4481 ejusdem
767 4404 869 4460 haeresi
883 4422 959 4458 num.
977 4401 1024 4474 56.

507 4552 516 4580 ¹
539 4554 624 4610 Joan.
641 4552 695 4607 xvi.
712 4550 738 4605 8.
985 4552 993 4574 ⁸
1022 4564 1029 4600 ι
1050 4547 1117 4600 Cor.
1134 4544 1191 4598 xiii.
1207 4560 1236 4614 9.

508 4648 518 4679 ³
546 4668 553 4705 1
573 4649 699 4706 Timoth.
716 4648 733 4703 i.
752 4665 798 4702 20.
978 4652 988 4681 ⁴
1013 4642 1086 4697 Mat.
1098 4640 1142 4693 vii.
1164 4637 1206 4693 18.
1221 4637 1304 4691 Joan.
1315 4633 1371 4689 viii.
1384 4653 1434 4706 44.

471 4766 537 4806 von.
554 4766 586 4805 v.
741 4759 749 4773 ‘
1042 4758 1058 4795 n
