3817 5692
595 679 837 743 RESPONSA
856 680 927 764 ΙΑΙ)
952 678 1214 740 EPISCOPOS.
1360 677 1424 742 219

379 853 555 942 quomodo
572 852 647 921 fieri
668 854 788 943 possit,
807 859 848 920 ut
873 850 1026 921 habeant
1053 849 1287 919 communiter
1313 872 1422 918 uuum

378 968 561 1058 baptisma,
594 969 653 1058 qui
685 966 880 1037 Ecclesiam
911 989 982 1035 nou
1012 965 1145 1035 habent
1174 988 1303 1035 anam:
1331 965 1423 1034 sicut

377 1082 453 1150 fieri
478 1093 597 1175 potest
623 1085 659 1152 iu
688 1084 762 1174 ipsa
793 1084 888 1151 intus
915 1081 1084 1164 Ecclesia,
1102 1090 1143 1151 ut
1170 1104 1241 1150 non
1269 1080 1423 1150 habeant

378 1219 487 1265 unum
507 1196 678 1289 Spiritum
702 1198 814 1267 sancti
838 1220 901 1288 per
917 1198 1094 1288 justitiam
1113 1208 1151 1267 ct
1169 1197 1342 1266 immundi
1360 1217 1423 1286 per

376 1311 569 1390 avaritiam,
596 1321 633 1380 et
661 1320 779 1381 tamen
807 1310 961 1380 habeant
988 1334 1099 1380 anum
1127 1311 1311 1403 baptisma.
1363 1311 1422 1379 Sic

377 1426 471 1493 euim
490 1427 622 1494 dictum
642 1434 707 1508 est,
725 1449 830 1494 auam
848 1449 982 1518 corpas,
1000 1427 1036 1495 id
1060 1441 1125 1507 est,
1143 1425 1312 1508 Ecclesia,
1330 1428 1422 1496 sicut

375 1563 465 1608 auses
481 1538 639 1633 Spiritus
664 1551 702 1611 et
727 1563 834 1609 autem
859 1538 1036 1632 baptisma.
1087 1539 1170 1610 Jam
1199 1549 1318 1610 cetera
1345 1565 1422 1632 quac

376 1654 479 1736 dixit,
497 1665 624 1724 nostrae
650 1657 767 1746 potius
792 1656 974 1723 assertioni
1002 1655 1244 1747 suffragantur.
1297 1656 1422 1726 Posuit

375 1771 470 1838 enim
496 1792 541 1839 ex
561 1768 753 1861 Evangelio
771 1770 1023 1849 testimonium,
1043 1767 1145 1857 Quod
1167 1779 1284 1839 eatam
1307 1779 1356 1839 est
1380 1767 1582 1840 demnas.

375 1907 479 1953 earne
497 1907 577 1954 aare
594 1894 652 1967 est,
671 1894 702 1954 ct
724 1882 817 1978 qaod
840 1892 957 1953 natam
985 1892 1033 1953 est
1058 1883 1100 1953 de
1124 1884 1251 1978 spirita
1276 1886 1422 1978 spilitas

375 2008 445 2077 est:
472 1999 554 2093 qaaia
571 1998 669 2068 Deae
693 1999 838 2092 spiritus
861 2008 919 2081 est,
943 2008 975 2069 et
997 2022 1041 2068 ea·
1057 1998 1134 2069 Deo
1160 2009 1261 2070 natas
1286 2011 1356 2071 est:
1384 2011 1421 2072 et

374 2114 505 2196 intulit,
533 2114 629 2210 Enyo
663 2137 777 2184 omues
810 2111 965 2185 loeretici
999 2124 1030 2185 et
1062 2112 1272 2187 schismatici
1305 2118 1421 2187 onznia

374 2254 592 2324 quacumque
610 2228 754 2324 scateat
785 2229 942 2301 carnalia
970 2241 1059 2311 sant,
1089 2231 1218 2302 dicente
1244 2231 1420 2326 Apostolo,

374 2344 569 2439 Manifesta
586 2346 676 2414 enim
693 2355 773 2414 sciat
795 2368 898 2437 opera
921 2347 1047 2428 camis,
1065 2371 1144 2440 qaae
1164 2357 1244 2418 sant
1258 2347 1518 2441 saitica-cuv.
1530 2377 1566 2427 ις.

375 2460 493 2542 tiones,
508 2457 747 2541 immunditia,
761 2468 798 2528 et
816 2469 934 2530 cetera
952 2485 1033 2552 quae
1050 2461 1099 2531 ihi
1118 2462 1245 2532 dicitA
1251 2464 1420 2554 postolos,

374 2574 434 2641 ubi
466 2582 503 2641 et
533 2573 680 2642 hareses
712 2575 1012 2655 commemoravit,
1037 2576 1103 2644 iste
1131 2587 1320 2646 exsecutus
1345 2587 1418 2648 est:

375 2688 536 2780 quoniam
568 2688 769 2781 quicumque
797 2686 870 2758 laceo
892 2686 1048 2782 faciam,
1078 2713 1217 2785 reanum
1248 2689 1318 2760 Dei
1352 2714 1420 2761 uon

373 2800 618 2874 hereditabant.
673 2804 812 2873 Deinde
843 2805 983 2896 adjecit,
1011 2813 1049 2874 et
1079 2807 1180 2887 dixit,
1209 2805 1421 2878 Condemuat

374 2919 488 3012 itaque
505 2917 690 3013 Apostolus
707 2943 782 2989 casm
803 2917 958 2989 munides
983 2919 1083 2989 naulis
1108 2929 1139 2990 et
1164 2945 1219 2991 eos
1245 2922 1306 3014 qai
1331 2921 1420 2992 dici-

373 3032 501 3102 sione-m
526 3031 679 3127 faciam,
715 3029 777 3103 liae
810 3043 867 3115 est,
900 3032 1133 3104 schismaticos
1166 3045 1198 3104 et
1232 3031 1417 3105 hereticos.

373 3149 482 3230 Bene,
509 3151 602 3239 quod
630 3173 839 3219 enumerans
868 3173 975 3241 opera
1005 3151 1127 3231 carnis,
1157 3151 1250 3219 inter
1276 3173 1353 3240 quae
1380 3160 1418 3219 et

372 3262 518 3332 haereses
535 3272 626 3345 suut,
644 3265 780 3333 invenit
801 3275 838 3333 et
862 3265 953 3333 dixit
977 3263 1080 3333 simul
1107 3264 1225 3333 omnia
1250 3264 1418 3332 damnan-

372 3387 445 3446 tem
475 3375 699 3469 Apostolum.
753 3376 952 3471 Interroget
988 3401 1072 3469 ergo
1106 3378 1221 3469 ipsum
1255 3386 1416 3446 sanctum

372 3492 598 3584 Cypriauum,
616 3502 653 3561 et
670 3493 790 3562 audiat
813 3492 859 3562 ab
882 3516 924 3563 eo
948 3515 1054 3583 quam
1071 3493 1175 3561 multi
1195 3494 1302 3562 etiam
1321 3494 1417 3563 intus

371 3608 564 3676 secundum
589 3630 695 3697 opera
717 3605 810 3675 mala
829 3609 941 3676 camis
959 3608 1092 3688 vivunt,
1111 3629 1288 3697 quaecum
1309 3608 1417 3677 haere-

371 3722 467 3790 sibus
489 3721 633 3791 damnat
653 3719 855 3813 Apostolus,
873 3730 1047 3791 ettamen
1071 3721 1253 3813 baptizant
1274 3731 1312 3792 et
1334 3722 1418 3814 bap-

371 3837 534 3906 tizantur.
570 3836 643 3905 Cur
660 3859 744 3929 ergo
761 3836 825 3905 soli
843 3836 1000 3905 haeretici
1020 3837 1185 3906 dicuntur
1202 3836 1416 3929 baptismum

370 3950 501 4020 habere
530 3973 601 4019 uon
631 3973 742 4042 posse,
769 3974 874 4041 quem
904 3951 1038 4021 habent
1067 3952 1152 4021 socii
1182 3952 1417 4022 damnationis

371 4063 551 4155 ipsorum?

419 4180 607 4251 Jauuarius
636 4204 658 4251 a
688 4180 873 4251 Lambaese
896 4181 998 4263 dixit,
1015 4179 1210 4251 Secundum
1227 4181 1542 4275 scriptal·a·cu·.,13.

368 4319 447 4364 ram
464 4305 660 4366 sanctarum
678 4295 913 4366 auctoritatem
936 4294 1080 4365 deeerw
1102 4293 1279 4366 hereticos
1302 4318 1416 4365 omnes

369 4407 601 4503 baptizandos,
630 4420 661 4481 et
689 4411 740 4480 sic
769 4410 808 4479 ia
833 4408 1025 4480 Ecclesiam
1054 4420 1205 4481 sanctam
1237 4408 1416 4479 admitten-

370 4522 441 4593 dos.

852 4659 869 4697 s
885 4636 900 4697 l
913 4656 930 4699 2
