3817 5692
428 723 472 787 74
651 718 904 783 ARCHELAI
936 718 1000 780 ET
1031 712 1252 781 MANETIS

428 891 518 963 molo
541 892 643 963 donoc
656 891 801 987 fructus
814 891 970 987 facore?
997 894 1045 963 Et
1069 892 1139 962 alio
1164 893 1200 959 in
1227 891 1314 970 loco,
1334 898 1470 980 patrem

427 1008 566 1089 diaboli,
587 1008 788 1090 manducem,
806 1018 837 1079 et
859 1006 1067 1079 homicidam
1092 1006 1133 1077 ad
1159 1007 1262 1076 initio
1287 1028 1362 1075 esse
1387 1027 1471 1073 cou-

427 1124 554 1194 firmat.
609 1124 785 1193 uRursum
810 1126 1022 1194 desiderium
1045 1125 1152 1193 fuisse
1175 1122 1339 1202 tenebris,
1357 1130 1399 1190 ut
1418 1122 1472 1189 in-

427 1248 657 1330 sequerentur
682 1239 779 1321 illud,
798 1241 892 1330 quod
917 1239 962 1309 de
989 1239 1069 1309 luce
1095 1240 1197 1308 initio
1220 1238 1335 1306 fuerat
1358 1235 1472 1326 prola·

428 1362 506 1423 tum
534 1354 724 1437 Verbum;
760 1363 798 1424 et
830 1356 1015 1425 inimicum
1045 1354 1225 1425 hominem
1259 1351 1471 1422 zizaniorum

428 1472 688 1552 seminatorem,
725 1477 783 1539 ¹et
825 1470 1019 1562 prinoipem
1059 1468 1167 1539 seculi
1206 1468 1330 1537 mundi
1367 1466 1472 1557 hujus

429 1586 559 1670 Deum,
581 1587 642 1677 qui
668 1585 850 1654 hominum
877 1594 1015 1654 mentes
1041 1596 1195 1654 excaecat
1221 1590 1280 1653 'ut
1306 1584 1341 1651 in
1367 1605 1473 1652 evan·

426 1700 520 1793 gelio
538 1701 669 1771 Christi
696 1702 903 1771 deserviant.
957 1699 1077 1770 Bonus
1102 1709 1157 1769 est
1181 1702 1249 1770 iste
1275 1697 1385 1781 Deus,
1409 1698 1471 1787 qui

427 1839 509 1886 suos
526 1817 686 1887 homines
703 1816 827 1887 salvari
845 1840 916 1885 non
935 1816 1036 1885 vult?
1063 1815 1121 1895 Et,
1140 1823 1181 1883 ut
1204 1837 1249 1883 ne
1271 1812 1385 1881 multa
1403 1811 1472 1880 alia

427 1930 616 2012 revolvam,
643 1940 680 2000 et
706 1932 859 2022 spatium
885 1930 1054 2022 temporis
1079 1930 1247 2009 obteram,
1276 1950 1363 1996 verae
1389 1927 1471 1996 doc·

427 2047 528 2113 trinae
545 2045 731 2114 xdifferens
754 2055 903 2137 tempus,
922 2045 1000 2115 haec
1027 2045 1156 2115 dixisse
1182 2044 1340 2124 sufficiat,
1365 2051 1403 2112 et
1426 2041 1472 2110 ad

429 2161 646 2251 propositum
673 2160 825 2240 redeam,
844 2169 885 2229 ut
911 2169 1155 2251 competenter
1180 2158 1363 2228 ostendam
1388 2157 1474 2225 isto-

428 2297 505 2343 rum
534 2275 720 2344 absurdam
748 2298 824 2344 esse
851 2276 1058 2357 doctrinam,
1079 2297 1144 2345 neo
1170 2276 1358 2366 quicquam
1382 2270 1471 2352 Deo,

428 2398 465 2458 et
485 2390 581 2459 Patri
600 2392 745 2460 Domini
770 2393 878 2460 nostri
897 2390 1089 2460 Salvatoris
1111 2391 1392 2472 adscribendum,
1409 2387 1472 2457 sed

428 2505 601 2575 malorum
633 2516 830 2577 nostrorum
862 2529 1003 2576 oausam
1032 2507 1191 2597 accipere
1221 2504 1406 2575 Satanam:
1435 2504 1474 2573 in

429 2619 543 2711 ipsum
566 2620 699 2689 etenim
722 2621 963 2711 rejiciendum,
980 2621 1074 2712 quod
1091 2621 1211 2690 omnia
1230 2618 1473 2710 hujuscemodi

427 2735 521 2805 mala
547 2736 592 2805 ab
620 2738 695 2828 ipso
721 2745 946 2829 generentur.
997 2736 1067 2806 Sed
1095 2745 1133 2805 et
1160 2758 1213 2817 ea,
1231 2758 1311 2825 quae
1334 2736 1371 2803 in
1394 2755 1473 2825 pro-

428 2848 555 2939 phetis,
574 2859 610 2917 et
635 2850 713 2942 lege
739 2851 868 2942 scripta
893 2860 985 2931 sunt,
1004 2852 1069 2943 ipsi
1093 2850 1320 2919 nihilominus
1343 2847 1473 2917 adscri-

428 2963 544 3033 benda
574 2974 676 3047 sunt3
702 2966 778 3056 ipse
805 2975 859 3035 est
887 2966 994 3048 enim,
1020 2968 1079 3057 qui
1109 2966 1145 3035 in
1175 2965 1356 3059 prophetis
1385 2972 1471 3031 tuno

427 3078 567 3148 locutus
590 3088 655 3161 est,
673 3080 840 3172 plurimas
863 3082 914 3149 eis
937 3082 982 3150 de
1003 3082 1082 3151 Deo
1107 3084 1321 3174 ignorantias
1345 3101 1472 3173 sugge-

426 3213 515 3273 rens,
534 3202 572 3262 61
589 3196 813 3276 tentationes,
831 3203 869 3264 et
891 3197 1202 3287 concupiscentias.
1255 3196 1326 3266 Sed
1350 3203 1387 3264 et
1410 3194 1470 3262 de-

427 3315 624 3376 voratorem
648 3330 732 3377 eum
754 3310 944 3402 sanguinis,
963 3320 1001 3380 61
1024 3313 1137 3380 carnis
1154 3313 1365 3393 ostendunt3
1392 3331 1468 3401 quae

427 3422 545 3491 omnia
572 3424 617 3492 ad
644 3446 727 3492 eum
754 3426 933 3516 pertinent
950 3427 1129 3508 Satanam,
1148 3436 1185 3497 et
1210 3428 1255 3496 ad
1283 3426 1470 3518 prophetas

426 3536 511 3625 ejus,
538 3560 615 3627 quae
642 3539 890 3609 transformare
913 3541 1026 3612 voluit
1053 3544 1090 3611 in
1112 3551 1249 3635 patrem
1274 3542 1415 3623 Christi,
1432 3552 1470 3609 et

426 3650 577 3722 scribere
611 3675 723 3742 pauca
757 3655 920 3745 quaedam
956 3678 1046 3738 vera,
1080 3666 1123 3726 ut
1156 3680 1219 3749 per
1252 3657 1327 3727 haeo
1360 3657 1469 3725 etiam

426 3775 561 3847 caetera,
588 3790 665 3858 quae
690 3777 774 3838 sunt
796 3769 894 3851 falsa,
913 3773 1150 3841 crederentur.
1203 3771 1310 3843 Unde
1337 3773 1470 3842 bonum

426 3880 527 3950 nobis
544 3891 598 3951 est
616 3904 661 3952 ex
680 3883 853 3967 omnibus,
864 3908 941 3976 quae
958 3888 1130 3977 usquead
1148 3886 1172 3956 J
1174 3910 1323 3958 oannem
1341 3890 1471 3979 scripta

426 4004 519 4076 suut,
549 3996 636 4065 nihil
671 3999 814 4068 omniuo
847 4002 1034 4093 suscipere,
1065 4026 1087 4071 a
1120 4003 1245 4073 diebus
1275 4026 1358 4072 vero
1394 4004 1470 4094 ejus

465 4269 482 4300 ¹¹
504 4260 625 4317 Videtur
644 4263 783 4336 respicere
798 4265 901 4322 Manes
919 4266 956 4322 ad
972 4264 1020 4323 illa
1032 4266 1116 4323 Joan.
1130 4268 1149 4325 i.
1165 4286 1193 4344 5.
1216 4268 1258 4325 Et
1278 4269 1392 4325 tmdrae
1411 4289 1469 4326 nm

424 4375 477 4412 noa
491 4358 753 4431 comprehenderunt.

466 4462 482 4494 ¹
504 4453 537 4509 In
553 4454 649 4511 codice
665 4456 814 4513 Casineusi
828 4459 963 4515 disserena
976 4459 1090 4535 legitur.

529 4640 535 4667 ¹
561 4634 634 4691 Mat.
650 4635 708 4691 xiii.
723 4654 738 4692 2
742 4655 769 4712 5.
794 4639 887 4696 acor.
898 4641 934 4696 iv.
944 4660 974 4712 4.
1139 4648 1147 4671 ¹
1173 4644 1252 4717 [For.
1269 4654 1300 4701 ut
1314 4648 1374 4720 ue]
