3817 5692
701 691 1010 755 nrsrurnrro.
1243 776 1245 779 Ι
1339 693 1399 760 191

359 891 451 947 narn,
470 891 550 959 quae
568 862 620 935 iin
644 865 730 935 locis
755 865 825 935 illis
852 874 917 948 est,
936 874 974 935 ct
1001 888 1092 957 pene
1119 865 1267 935 dixerim
1299 886 1404 955 super

359 1004 500 1055 omnem
518 982 708 1062 hominem,
723 981 927 1075 diligentius
943 991 1065 1052 tamen
1083 980 1157 1051 haec
1175 982 1308 1061 didicit,
1327 1004 1403 1071 quac

358 1102 395 1168 in
428 1098 499 1168 illis
531 1105 683 1189 quatuor
716 1096 846 1167 libellis
879 1097 1175 1179 continebantur;
1218 1098 1404 1189 acquisivit

359 1216 466 1285 etiam
500 1212 689 1304 discipulos
723 1222 806 1294 tres,
840 1235 988 1304 quorum
1028 1214 1171 1282 nomina
1204 1220 1287 1283 sunt
1319 1213 1403 1295 haec,

358 1331 522 1413 Thomas,
549 1327 681 1411 Addua
714 1336 752 1398 et
787 1327 949 1398 Hermas.
1011 1327 1111 1398 Tunc
1145 1330 1291 1399 assumit
1326 1328 1404 1399 illos

361 1445 531 1528 ¹‘libellos
553 1456 590 1515 et
609 1445 775 1515 transfert
792 1466 864 1526 eos,
882 1444 933 1513 ita
950 1451 991 1513 ut
1009 1444 1122 1514 multa
1142 1443 1210 1515 alia
1232 1469 1254 1515 a
1276 1456 1405 1517 semet

359 1564 435 1654 ipso
452 1563 620 1631 insereret
642 1561 704 1644 eis,
722 1581 800 1651 quae
825 1559 978 1629 anilibus
1003 1559 1130 1630 fabulis
1156 1560 1284 1630 similia
1310 1571 1404 1631 sunt.

362 1676 530 1746 Habebat
548 1698 632 1769 crgo
650 1685 720 1745 tres
743 1676 829 1744 istos
853 1674 1041 1767 discipulos
1058 1676 1214 1746 conscios
1231 1674 1404 1746 malorum

361 1814 532 1874 suorum3
574 1813 704 1861 nomen
738 1813 821 1861 vero
854 1789 983 1861 libellis
1016 1792 1195 1883 proprium
1228 1791 1405 1874 adscribit,

361 1907 484 1998 prioris
510 1906 653 1976 nomine
680 1905 810 1988 deleto,
826 1914 994 1997 tanquam
1021 1907 1048 1976 si
1076 1929 1136 1976 eos
1162 1905 1256 1977 solus
1283 1929 1329 1976 ex
1353 1928 1407 1976 se·
1528 1984 1530 1989 ,

361 2023 512 2112 metipso
542 2020 796 2112 conscripserit.
847 2020 946 2090 Tunc
976 2021 1090 2092 visum
1120 2030 1175 2091 est
1201 2022 1235 2092 ei
1262 2023 1406 2092 mittere

362 2136 551 2228 discipulos
568 2158 649 2206 suos
666 2158 748 2205 cum
765 2136 831 2218 his,
849 2159 927 2227 quae
943 2138 1196 2229 conscripserat
1211 2140 1248 2207 in
1267 2137 1407 2221 libellis,

362 2253 406 2322 ad
437 2253 615 2344 superiora
644 2250 737 2321 illius
769 2251 959 2321 Provinciae
985 2251 1073 2334 loca,
1100 2263 1138 2322 et
1167 2276 1231 2344 per
1256 2252 1407 2324 diversas

362 2369 533 2450 civitates,
551 2376 589 2437 et
606 2369 712 2448 vicos,
734 2376 776 2436 ut
801 2366 946 2437 baberet
972 2367 1108 2458 aliquos
1134 2391 1172 2437 sc
1199 2379 1407 2461 sequentes3

363 2492 400 2552 et
425 2483 578 2553 Thomas
603 2482 745 2573 quidem
773 2477 903 2573 ¹partes
920 2481 1063 2574 AEgypti
1089 2483 1201 2553 voluit
1226 2509 1407 2579 occupare,

364 2599 484 2669 Addas
505 2620 588 2669 vero
614 2596 778 2690 Scythiae,
804 2596 898 2666 solus
927 2606 1047 2667 autem
1075 2597 1227 2669 Hermas
1256 2601 1408 2670 residere

364 2737 446 2785 cum
464 2737 507 2784 eo
523 2713 643 2807 elegit.
695 2710 787 2780 Cum
805 2734 890 2805 crgo
911 2711 963 2782 illi
986 2723 1104 2783 essent
1121 2714 1282 2806 profecti,
1300 2714 1408 2808 Regis

363 2828 457 2898 lilius
485 2828 693 2921 aegritudine
722 2828 872 2919 quadam
907 2836 1067 2919 arreptus
1096 2838 1161 2910 est,
1191 2852 1298 2919 quem
1328 2830 1408 2901 Rex

364 2945 476 3015 curari
500 2942 710 3024 desiderans,
728 2943 885 3012 edictum
911 2943 1094 3034 proposuit
1114 2941 1183 3011 min
1201 2945 1282 3024 vita,
1301 2942 1409 3035 siquis

365 3082 448 3129 eum
474 3081 596 3128 curare
620 3059 740 3150 possit,
759 3058 917 3150 accipere
939 3059 1133 3149 praemium,
1150 3058 1265 3128 multo
1282 3081 1408 3150 propo·

366 3279 395 3334 in
416 3278 471 3335 hoc
492 3297 631 3335 annornm
652 3296 770 3335 numero
791 3278 925 3334 mendum
947 3278 994 3334 sit.
1037 3278 1137 3336 Codex
1151 3279 1217 3335 Vat.
1232 3280 1357 3355 Effectus
1370 3290 1411 3338 est

366 3377 451 3451 ipitar
459 3395 531 3451 puer
544 3375 592 3431 ille
605 3394 736 3432 canorum
744 3394 832 3450 prope
844 3376 1023 3451 septaaqr‘ratu.

407 3471 415 3514 ἱ
430 3473 504 3530 Cod.
519 3474 586 3530 Vat.
601 3474 629 3529 ia
643 3473 710 3529 locis
725 3472 782 3529 illis
794 3480 845 3536 est,
854 3491 925 3548 pene
936 3473 1060 3542 dixerim,
1073 3493 1155 3549 saper
1168 3494 1268 3531 omnem
1282 3475 1411 3532 bominem

367 3572 541 3646 diliqentr'us:
563 3580 651 3627 tumea
669 3570 765 3626 didicit
784 3588 825 3633 eu,
841 3588 898 3644 paoe
918 3570 945 3626 ia
967 3579 1083 3645 quotuor
1096 3571 1154 3628 illis
1174 3572 1274 3629 libellas
1294 3575 1411 3629 contine·

367 3668 471 3724 buntur.
512 3667 664 3741 Arquisiuit
678 3667 759 3722 etium
773 3667 830 3740 ipse
843 3666 998 3740 disorpalos.

408 3763 420 3799 ¹¹
437 3764 509 3820 Cod.
525 3764 594 3820 Vat.
609 3763 723 3828 libellos,
738 3771 768 3819 ut
782 3763 947 3835 transferret
961 3782 1014 3828 eos,
1030 3765 1069 3820 ila
1083 3773 1112 3821 ut
1125 3765 1180 3820 ulio
1196 3766 1287 3822 nrulta.
1325 3766 1412 3823 l'aulo

367 3869 440 3933 post,
455 3880 488 3916 er
501 3869 582 3916 santet
597 3862 655 3934 ipso
669 3860 820 3934 scripserit,
835 3877 896 3933 pro,
912 3860 1114 3935 conscripserit.

408 3954 511 4011 lCod.
534 3956 601 4012 Vat.
619 3963 717 4029 partes
741 3955 936 4029 AEppptr'orum
961 3956 1046 4013 voluit
1069 3946 1208 4032 occupare,
1233 3958 1325 4014 Abdus
1348 3978 1412 4015 vero

369 4051 468 4127 Syrio.
513 4051 603 4108 Paulo
617 4059 693 4114 ante,
708 4051 802 4125 ι’ρείκε,
817 4069 879 4125 pro,
894 4051 977 4107 illius.

410 4160 434 4191 ¹¹¹
447 4150 615 4224 Legendum
630 4149 759 4216 sonasse,
775 4149 1038 4224 invitans-Atque
1052 4151 1126 4207 hanc
1144 4150 1294 4207 lectionem
1309 4152 1413 4208 confir-

368 4257 428 4303 mat
443 4248 515 4323 Reg.
531 4248 616 4304 Alex.
631 4247 699 4303 Vat.
742 4245 815 4302 Mox
836 4246 867 4301 in
889 4246 989 4303 eodem
1013 4247 1076 4304 cod.
1100 4265 1197 4304 curare
1214 4256 1316 4322 posset,
1337 4267 1413 4304 occe·

369 4346 453 4409 deret,
471 4348 584 4419 praemio
605 4345 691 4400 multo
705 4343 858 4419 proposito.
903 4343 976 4400 Tunc
997 4343 1057 4408 iste,
1078 4344 1149 4400 sicat
1169 4344 1221 4410 illi,
1243 4345 1289 4419 qui
1310 4344 1414 4409 cubum,

370 4440 440 4512 qaod
459 4458 550 4495 nomen
571 4448 612 4495 est
632 4440 705 4505 uleoe,
719 4440 812 4495 ludere
831 4440 927 4503 solent,
938 4442 1112 4515 praesealr‘cm
1126 4442 1170 4496 sui
1185 4441 1290 4496 exbibet
1303 4439 1413 4496 Manes.

371 4534 431 4590 lsta
443 4554 511 4592 vera
531 4546 576 4593 est
597 4536 682 4610 hujus
703 4536 759 4592 loci
781 4536 875 4600 lectio,
895 4556 979 4611 quam
1002 4556 1055 4594 nos
1077 4536 1321 4603 subodorarimus,
1336 4545 1368 4593 ut
1385 4537 1413 4592 in

373 4632 477 4687 nostris
491 4631 527 4688 ad
541 4631 617 4688 hunc
630 4633 724 4689 locum
738 4629 814 4688 notis
828 4632 915 4701 videri
930 4641 1034 4707 potest.
