3817 5692
519 684 584 746 314
714 682 777 745 DE
801 683 1186 747 REBAPTISMATE
1212 683 1369 747 LIBER.

520 854 723 924 hominibus
744 854 872 925 deduci
897 864 1060 946 oportere
1079 854 1191 937 dixit3
1218 854 1312 946 quod
1334 856 1411 925 sine
1429 856 1522 947 ipso,
1540 864 1578 925 et

519 973 594 1041 sine
623 972 822 1040 venerando
853 971 996 1039 nomine
1026 971 1102 1061 ejus
1137 992 1208 1039 non
1237 979 1356 1062 potest
1382 970 1471 1041 fieri.
1528 969 1578 1040 Et

520 1086 600 1154 ideo
630 1086 808 1177 integrum
837 1107 878 1153 ac
908 1085 1085 1153 sincerum
1115 1092 1153 1153 et
1183 1084 1507 1154 incontaminatum
1539 1092 1577 1154 et

519 1199 727 1269 inviolatum
769 1209 961 1290 utrumque
1000 1200 1109 1269 debet
1147 1200 1338 1269 consistere
1374 1199 1577 1280 confitenti,

520 1316 617 1385 nullo
638 1315 772 1385 dilectu
798 1314 919 1385 habito
945 1315 1055 1406 ipsius
1077 1315 1294 1394 confessoris,
1313 1316 1387 1384 sive
1412 1313 1476 1383 ille
1495 1315 1577 1405 jus·

519 1433 680 1513 tussire
706 1441 881 1522 peccator,
904 1431 1153 1522 perfectusque
1175 1429 1407 1511 Christianus,
1423 1451 1469 1498 an
1488 1451 1576 1498 vero

519 1548 627 1617 etiarn
639 1569 733 1616 nunc
745 1545 1050 1638 imperfectus‚qui
1062 1567 1201 1614 summo
1212 1538 1413 1615 discrimine
1424 1542 1578 1613 suoDo-

518 1661 656 1729 minum
671 1659 832 1729 confiteri
850 1682 920 1728 non
934 1660 1067 1728 timuit.
1107 1658 1145 1729 N
1147 1682 1188 1729 ec
1203 1667 1258 1728 est
1274 1658 1341 1729 hoc
1354 1660 1577 1728 contrarium

519 1776 689 1866 superiori
708 1775 896 1857 tractatui3
920 1775 1003 1865 quia
1020 1774 1093 1844 illic
1111 1775 1254 1866 quidem
1269 1782 1410 1865 tempus
1427 1783 1577 1866 superat

519 1889 563 1957 ad
590 1890 796 1983 corrigenda
821 1913 899 1980 quae
918 1888 1048 1959 'multa
1074 1890 1130 1960 vel
1157 1912 1264 1980 prava
1289 1897 1392 1972 sunt;
1418 1898 1456 1960 et
1483 1912 1577 1981 quo-

518 2008 614 2077 niam
640 2009 804 2098 qnaedam
831 2031 997 2077 concessa
1023 2020 1105 2077 sunt
1123 2008 1206 2099 'ipsi
1232 2008 1482 2077 tantummodo
1510 2030 1578 2077 no-

519 2123 605 2191 mini
633 2122 779 2192 Domini
802 2125 934 2206 nostri3
961 2124 1171 2215 martyrium
1197 2133 1318 2193 autem
1345 2122 1511 2192 nonnisi
1538 2122 1577 2191 in

519 2237 594 2328 ipso
612 2246 649 2305 et
667 2238 861 2329 peripsum
881 2237 1076 2307 Dominum
1095 2239 1206 2329 possit
1223 2237 1467 2307 consummari.
1524 2235 1577 2306 Et

519 2352 650 2421 idcirco
669 2375 784 2444 neque
803 2351 985 2422 Christum
1010 2354 1085 2423 sine
1109 2353 1218 2445 ipsius
1234 2352 1377 2421 nomine
1395 2351 1473 2441 quis
1492 2374 1578 2443 pos-

519 2469 564 2537 sit
589 2468 758 2549 confiteri,
782 2492 898 2559 neque
924 2491 1054 2538 nornen
1076 2468 1208 2538 Christi
1233 2470 1308 2539 sine
1334 2470 1409 2560 ipso
1427 2467 1577 2539 Christo

519 2583 564 2652 ad
582 2584 837 2654 confessionem
855 2584 1020 2675 cuiquam
1038 2585 1147 2675 possit
1164 2585 1386 2676 patrocinari.

571 2697 642 2766 XI.
669 2698 895 2791 Quapropter
920 2707 1018 2768 totus
1044 2700 1293 2769 discernendus
1319 2708 1373 2769 est
1396 2708 1579 2772 tractatus

520 2795 587 2894 hic,
612 2822 652 2881 ut
678 2814 789 2904 possit
815 2813 1034 2882 manifestior
1057 2814 1144 2883 fieri.
1198 2812 1365 2905 Namque
1393 2815 1577 2886 invocatio

520 2929 671 2997 nominis
688 2926 778 2999 Jesu
802 2929 882 2997 ideo
903 2935 1043 2998 tanturn
1068 2930 1278 3020 patrocinari
1303 2938 1430 3021 potest,
1448 2931 1477 2999 si
1503 2933 1577 3002 rite

519 3041 682 3132 suppleta
699 3052 822 3134 postea
839 3042 967 3123 fuerit;
993 3044 1078 3134 quia
1100 3053 1138 3113 et
1162 3042 1341 3135 prophetae
1363 3052 1400 3112 et
1417 3045 1575 3135 apostoli

519 3156 570 3224 ito
587 3157 875 3247 praedicaverunt.
919 3157 987 3226 Ait
1005 3159 1099 3227 enim
1117 3156 1273 3228 Jacobus
1291 3159 1326 3226 in
1345 3156 1449 3227 Actis
1468 3156 1576 3251 Apo-

353 3279 410 3329 Aa
420 3296 461 3329 xv·
473 3294 509 3342 ¹4·
519 3270 701 3351 stolorum,
728 3269 807 3340 Viri
821 3270 971 3364 fratres,
989 3271 1115 3354 credite,
1133 3272 1258 3344 Simon
1275 3272 1432 3366 esposuit
1454 3273 1576 3366 preem-

353 3356 438 3407 Μ’
518 3382 700 3453 adrandum
721 3387 878 3477 primum
896 3384 994 3455 Deus
1011 3386 1200 3456 visitaverit
1222 3387 1374 3480 occipere
1394 3409 1437 3456 ec
1455 3389 1576 3483 penti·

517 3495 577 3566 bus
596 3498 761 3592 populum
779 3501 914 3570 cornici
931 3524 1017 3578 suo‚·
1043 3509 1074 3570 et
1090 3499 1171 3572 huic
1188 3511 1374 3573 consonant
1396 3525 1575 3575 sormones

510 3612 770 3706 prophetarum,
788 3616 877 3685 sicut
896 3616 1063 3709 scriptum
1082 3625 1140 3699 est,
1158 3616 1246 3687 Post
1267 3616 1341 3688 liceo
1357 3625 1521 3699 reuertar,
1541 3631 1576 3692 et

517 3728 730 3821 rcrcdisicubo
747 3728 1000 3800 sabcmaarlum
1027 3729 1115 3800 iliud
1131 3730 1252 3800 David
1274 3729 1366 3824 quod
1387 3730 1520 3812 cecidit,
1541 3744 1577 3804 et

517 3864 594 3933 quc
617 3843 776 3914 deicolitu
801 3855 881 3915 suot
906 3846 978 3937 cp'rts
1001 3844 1224 3938 recedijicobu
1243 3855 1274 3916 ct
1299 3846 1409 3915 denuo
1434 3845 1574 3941 cripum

517 3954 615 4038 illud,
636 3959 687 4026 uti
709 3962 895 4052 acquirunt
912 3960 1045 4030 residui
1067 3958 1242 4030 turicinum
1262 3960 1387 4043 Deum,
1404 3968 1434 4030 et
1451 3983 1576 4033 orasses

511 4080 626 4165 pentes
650 4095 754 4165 super
781 4099 865 4166 quos
892 4078 1083 4146 invocatum
1106 4085 1154 4145 est
1180 4099 1301 4146 conica
1328 4100 1436 4144 circum
1463 4098 1576 4169 super

557 4353 564 4375 ¹
581 4347 681 4420 multa]
701 4348 905 4422 Reponendum
921 4359 968 4405 est
982 4352 1086 4407 mutila.
1110 4351 1225 4407 Bnuuz.

556 4444 633 4517 'ipsi
658 4446 855 4502 tautummodo
880 4447 988 4503 nomini
1003 4448 1119 4504 Domini
1140 4448 1245 4520 nostri]
1271 4447 1309 4502 H.
1322 4467 1346 4504 e.
1362 4448 1414 4504 soli
1433 4467 1466 4503 ac
1481 4453 1576 4513 nudae

515 4538 686 4597 invocationi
702 4542 797 4598 Divini
815 4543 937 4600 nominis
956 4544 985 4599 in
1003 4544 1145 4618 baptismo
1161 4544 1228 4601 dato
1242 4561 1306 4599 cnm
1325 4545 1359 4600 ab
1378 4544 1438 4600 aliis
1452 4553 1515 4601 tum
1532 4550 1575 4607 ab

515 4635 664 4693 haereticis.
