3817 5692
578 703 644 767 216
945 707 978 766 S.
996 704 1269 767 arevsTin'l

578 887 611 946 et
643 879 845 969 quicumque
878 874 1035 944 ordinati
1070 874 1278 948 ridebuntur.
1312 877 1401 943 inter
1435 873 1541 944 inicos
1576 899 1633 945 re·

579 992 677 1082 cipi.)

633 1104 796 1174 Noratus
829 1129 851 1173 a
878 1105 1109 1198 Thamugade
1141 1107 1226 1196 quid
1261 1105 1384 1173 feeerit
1420 1104 1523 1185 dixit,
1559 1127 1631 1173 non

579 1233 700 1287 antem
732 1218 864 1309 aliquid
899 1220 1041 1301 adtulit,
1072 1222 1168 1288 unde
1201 1242 1239 1287 se
1274 1219 1476 1288 ostenderet
1513 1219 1631 1288 iaoere

582 1334 743 1403 debuisse
771 1335 866 1423 quod
891 1334 987 1403 fecit.
1039 1334 1246 1403 Nominavit
1276 1335 1371 1402 eninr
1398 1333 1629 1402 testimonium

581 1447 844 1539 §sripturarum
870 1458 903 1516 et
927 1447 1096 1518 decretum
1123 1445 1339 1542 coileanurn,
1361 1446 1423 1516 sed
1449 1470 1521 1515 non
1546 1446 1631 1515 inde

581 1564 714 1654 aliquid
732 1563 879 1654 protulit
896 1565 991 1654 quod
1008 1565 1228 1632 considerare
1245 1584 1436 1653 possemus,

419 1693 485 1741 cn.
500 1707 536 1742 u.
633 1676 886 1762 (Nemesianus
919 1701 941 1745 a
973 1677 1132 1746 Tubunis
1165 1679 1278 1746 dixit:
1321 1674 1504 1770 Baptismn
1539 1674 1631 1769 quod

582 1791 667 1860 dont
689 1790 843 1861 inretiti
868 1801 901 1861 et
927 1790 1147 1872 schismatici,
1172 1815 1239 1862 nos
1265 1815 1335 1861 esse
1356 1814 1482 1872 cmm,
1509 1788 1630 1883 ubique

584 1908 621 1973 in
651 1908 834 1999 seripturis
863 1909 991 1975 sanctis
1020 1904 1228 1976 declaratum
1257 1914 1329 1975 est:
1368 1907 1529 1998 quonium
1560 1903 1630 1995 ipsi

578 2021 760 2113 prepositi
781 2043 897 2089 eorum
908 2018 1004 2114 salsi
1022 2019 1159 2093 Christi
1174 2029 1263 2101 sunt,
1280 2029 1312 2089 et
1326 2017 1421 2114 salsi
1441 2015 1629 2112 propheto

421 2152 574 2201 naseu.
583 2133 714 2204 dicente
729 2134 884 2204 Donnino
895 2159 963 2229 per
978 2134 1206 2217 salomonem,
1226 2135 1296 2223 Qui
1308 2134 1426 2227 fidens
1443 2141 1492 2202 est
1509 2134 1547 2202 in
1552 2129 1631 2227 soi-

419 2230 542 2266 arn
583 2252 642 2328 sis,
662 2247 721 2318 iic
740 2250 855 2341 puscit
880 2259 1003 2331 tentos,
1026 2249 1112 2320 idern
1140 2259 1249 2318 nutem
1278 2251 1351 2342 ipse
1374 2249 1529 2342 sequitur
1553 2269 1630 2316 ares

585 2360 742 2431 rotantes.
794 2359 957 2432 hDensi-it
986 2366 1075 2432 enim
1109 2365 1180 2433 rios
1210 2365 1318 2433 rineoe
1343 2386 1425 2442 suoe,
1452 2385 1474 2429 o
1501 2362 1630 2430 semitis

585 2499 662 2546 reno
689 2475 792 2571 apelli
816 2480 874 2547 sui
902 2479 1041 2547 usarii.
1093 2476 1297 2572 Inprsditur
1321 2485 1431 2545 nutem
1457 2498 1525 2567 per
1550 2474 1629 2543 ario

582 2590 657 2661 Ioco
674 2601 773 2686 utque
789 2591 893 2662 arida
909 2601 942 2663 et
958 2602 1084 2661 terram
1102 2591 1304 2661 destinatam
1323 2592 1395 2674 siti,
1414 2589 1631 2682 consequitur

420 2723 559 2785 menna
583 2715 693 2776 nectem
729 2705 883 2777 munibus
919 2705 1144 2800 insnrctuoso.
1195 2704 1245 2774 Et
1278 2708 1427 2774 iterun:
1454 2701 1511 2773 Ab
1538 2726 1630 2796 aquo

581 2819 696 2889 alienu
719 2820 849 2890 abstine
870 2830 911 2901 te,
929 2829 961 2888 et
982 2819 1024 2889 de
1034 2818 1138 2913 fonte
1158 2817 1273 2888 alieno
1294 2843 1335 2887 ne
1351 2817 1485 2899 biberis,
1503 2825 1541 2886 u
1556 2815 1631 2887 Ion-

577 2958 659 3027 pum
692 2937 784 3003 tirus
814 2943 953 3027 tempure,
976 2933 1187 3026 sufficiantur
1205 2936 1306 3002 etium
1336 2930 1399 3001 tibi
1427 2935 1513 3002 unni
1542 2933 1630 3001 ritoe.

581 3047 632 3117 Et
664 3051 701 3116 iu
735 3046 925 3144 Eranpetio
959 3072 1021 3116 suo
1058 3071 1133 3118 noce
1169 3046 1343 3117 Dominus
1378 3055 1491 3116 noster
1524 3043 1632 3115 Jesus

417 3179 572 3240 sanusne
584 3160 745 3235 Christus
761 3160 891 3232 locutus
907 3171 957 3231 est
972 3161 1100 3245 dicens,
1117 3160 1201 3230 Nisi
1219 3163 1296 3255 quis
1309 3158 1570 3253 renotussuerit
1587 3182 1633 3228 et

582 3300 672 3368 nqrra
692 3284 724 3344 et
739 3274 1024 3369 Spiritu-soucto,
1040 3300 1108 3346 non
1129 3284 1240 3368 potest
1264 3278 1410 3345 introire
1434 3277 1471 3343 in
1490 3296 1632 3369 reynunn

419 3397 546 3446 ⁰⁰³²·
583 3387 664 3458 Dei.
715 3387 790 3458 Hie
812 3399 861 3458 est
876 3388 1046 3483 Spiritus,
1063 3391 1124 3482 qui
1148 3388 1190 3459 nb
1217 3391 1319 3458 initio
1325 3387 1512 3484 serebatur
1527 3410 1634 3480 super

581 3526 716 3596 nquam.
768 3500 886 3597 Neque
905 3506 995 3573 eninr
1014 3502 1170 3597 Spiritus
1192 3505 1267 3572 sine
1291 3527 1381 3597 aquo
1407 3504 1546 3596 operari
1566 3524 1633 3594 po-

581 3625 653 3699 test,
672 3640 777 3710 neque
792 3641 883 3711 nqun
902 3620 978 3687 sine
993 3616 1143 3710 Spiritu.
1194 3615 1293 3686 ritule
1310 3640 1390 3713 erqo
1405 3614 1473 3685 sibi
1489 3614 1630 3709 quidum

582 3732 863 3823 interpretantur,
887 3740 924 3800 ut
948 3730 1076 3811 dicunt,
1099 3729 1192 3823 quod
1210 3755 1276 3823 per
1292 3753 1414 3799 nunnus
1441 3730 1632 3822 impositio-

581 3868 655 3913 nem
673 3842 1014 3938 Spiritum-sanetum
1047 3846 1228 3937 accipiant,
1254 3853 1285 3913 et
1317 3846 1369 3913 sic
1396 3845 1633 3936 recipientem·

581 3983 683 4053 quum
710 3958 928 4053 manifestum
954 3961 1001 4028 sit
1030 3968 1171 4052 utroque
1193 3967 1405 4028 sacramento
1430 3956 1547 4028 debere
1574 3980 1632 4026 eos

581 4076 716 4142 renasci
740 4076 775 4142 in
793 4072 950 4143 Ecclesia
972 4071 1147 4144 catholico.
1203 4072 1238 4142 T
1236 4097 1301 4143 rino
1325 4075 1449 4166 quippe
1469 4079 1634 4165 potentat

420 4186 648 4280 spesinfflii
664 4186 737 4257 Dei
756 4211 835 4268 esse,
858 4186 989 4256 dicente
1006 4186 1182 4280 Aponon,
1201 4188 1373 4261 Curantes
1394 4209 1531 4257 serrare
1552 4187 1632 4254 uni-

622 4395 790 4465 hQuaedam
804 4400 851 4455 hic
865 4401 1031 4457 Nemesiani
1044 4403 1140 4465 rerba,
1156 4421 1217 4475 qnae
1237 4404 1266 4457 in
1282 4402 1391 4458 Erasmi
1411 4401 1534 4456 editione
1554 4397 1632 4453 hand

581 4494 651 4548 satis
674 4495 850 4567 quadrabant
873 4516 939 4552 cum
965 4499 1148 4571 responsione
1170 4498 1335 4571 Augustini,
1357 4507 1466 4552 mutata
1490 4503 1556 4550 sunt
1580 4512 1633 4566 per

582 4586 774 4645 lovanienses
787 4599 816 4646 et
830 4592 866 4647 ad
880 4591 1016 4667 Cypriani
1031 4593 1176 4669 exemplar
1189 4594 1337 4667 castigata.
