3817 5692
708 713 1018 777 DISPUTATIO.
1348 714 1412 775 125

365 889 489 958 fratres
523 888 599 980 ejus
633 888 843 958 efficiuntur.
896 888 1005 958 Pater
1037 888 1113 979 ejus
1146 888 1323 980 perfectus
1357 896 1412 957 est

363 1003 512 1087 Pharao,
527 1015 627 1096 pater
644 1005 719 1095 ejus
736 1003 938 1074 efficiuntur
956 1005 1194 1096 unusquisque
1211 1005 1411 1096 impiorum,

362 1132 463 1212 puter
488 1122 564 1211 ejus
591 1119 738 1189 effectus
764 1130 818 1190 est
835 1120 958 1203 Judas,
976 1122 1058 1212 qnia
1084 1122 1248 1212 concepit
1268 1122 1411 1211 quidem

363 1260 457 1320 eum,
484 1236 545 1306 sed
577 1236 721 1305 abortus
751 1245 827 1318 est;
854 1260 924 1306 non
955 1239 1049 1306 enim
1076 1237 1274 1329 perfectum
1300 1238 1412 1307 edidit

362 1361 514 1444 partum,
535 1353 617 1444 quin
641 1352 811 1443 majorem
841 1374 1026 1444 personam
1055 1354 1238 1445 aggressus
1267 1362 1322 1423 est
1350 1375 1413 1444 per

362 1466 507 1550 Judam,
524 1477 562 1536 et
579 1468 659 1538 ideo
676 1468 841 1538 abortum
859 1468 991 1537 factum
1011 1489 1087 1536 esse
1109 1468 1209 1551 dico;
1235 1470 1318 1559 quia
1334 1478 1414 1538 tan-

362 1605 467 1674 quam
496 1586 523 1653 si
552 1583 679 1653 mulier
706 1606 827 1654 semen
850 1583 915 1652 viri
940 1584 1125 1674 concipiat,
1143 1591 1252 1673 atque
1274 1583 1311 1652 in
1335 1604 1412 1653 sese

363 1700 584 1790 quotidianos
609 1700 759 1791 accipiat
783 1698 971 1790 profectus,
989 1698 1040 1767 ita
1062 1710 1100 1768 et
1116 1696 1229 1768 Judas
1252 1698 1412 1789 quotidie

362 1816 589 1909 &proficiebat
619 1818 655 1886 in
685 1817 795 1907 pejus,
826 1814 1068 1884 occasionibus
1098 1814 1165 1884 sibi
1195 1837 1217 1884 a
1245 1813 1410 1908 maligno,

362 1934 461 2023 quasi
479 1932 680 2015 seminibus,
699 1933 800 2003 datis.
854 1930 902 1999 Et
931 1931 1084 2022 primum
1114 1930 1258 2021 quidem
1282 1930 1351 1999 fuit
1377 1931 1411 2000 ei

362 2070 483 2117 semen
506 2049 663 2140 pecuniae
680 2047 863 2140 cupiditas,
880 2047 1139 2116 incrementum
1159 2068 1240 2115 vero
1264 2046 1410 2129 furtum,

363 2164 546 2234 furabatur
562 2164 657 2235 enim
675 2187 728 2246 ea,
745 2186 823 2255 quoe
838 2162 1074 2233 mittebantur
1090 2162 1127 2231 in
1145 2161 1322 2245 loculum;
1349 2164 1411 2232 do-

362 2278 453 2349 lores
469 2302 553 2349 vero
578 2290 699 2372 partus
725 2281 880 2360 fuerunt,
903 2286 941 2347 et
966 2276 1157 2347 collocutio
1182 2300 1263 2347 cum
1288 2276 1412 2349 Phari·

362 2397 446 2477 saeis,
465 2405 502 2466 et
525 2397 630 2487 pretii
654 2395 824 2467 scelerata
848 2394 1057 2464 conventio:
1083 2394 1227 2464 abortus
1244 2403 1299 2465 est
1316 2417 1410 2478 vero,

362 2535 433 2582 non
459 2522 592 2605 partus,
608 2513 754 2604 laqueus
779 2511 904 2581 mortis
930 2509 1100 2581 informis.
1153 2509 1225 2580 Sed
1251 2520 1289 2579 et
1312 2514 1410 2595 tu,si

362 2627 556 2721 malignum
586 2651 632 2697 ex
658 2638 696 2698 te
720 2626 918 2719 protuleris,
945 2634 983 2695 et
1009 2626 1115 2697 facias
1146 2628 1221 2717 ejus
1246 2629 1411 2721 concupi-

362 2746 522 2825 scentias,
540 2744 694 2836 genuisti
713 2766 806 2824 eum,
825 2753 863 2812 et
886 2749 989 2834 pater
1010 2742 1087 2833 ejus
1110 2764 1186 2812 esse
1210 2744 1355 2826 diceris;
1381 2746 1410 2814 si

361 2883 444 2930 vero
462 2859 707 2952 poenitentiam
724 2858 880 2953 gesseris,
899 2866 937 2927 et
959 2857 1129 2949 abjeceris
1146 2858 1294 2949 pondus,
1312 2859 1412 2930 velut

362 2972 566 3067 bparturies.
594 2975 647 3047 Ut
664 2977 758 3046 enim
778 2976 812 3044 in
832 2974 925 3045 ludis
942 2973 1170 3054 scholaribus,
1188 2976 1216 3044 si
1234 2977 1411 3066 acceperit

362 3092 438 3181 quis
461 3114 483 3160 a
503 3094 671 3183 magistro
694 3092 888 3171 materiam,
907 3089 1083 3181 reliquum
1100 3112 1227 3181 corpus
1244 3089 1411 3160 orationis

362 3229 406 3274 ex
425 3207 614 3298 semetipso
636 3216 854 3300 generatae
877 3215 1049 3301 procreet,
1067 3226 1189 3274 eorum
1207 3228 1284 3295 quae
1300 3229 1411 3297 genu·
1498 3210 1506 3223 “

361 3324 438 3404 erit,
457 3322 618 3391 conditor
635 3323 709 3413 ipse
728 3322 877 3400 dicitur;
903 3320 954 3389 ita
970 3321 1031 3410 qui
1055 3342 1101 3389 ex
1119 3342 1257 3389 summa
1274 3321 1412 3391 mulitia

360 3461 485 3530 parum
502 3439 586 3529 quid
605 3438 769 3507 fermenti
786 3435 973 3527 acceperit,
991 3444 1092 3526 pater
1107 3444 1145 3504 et
1161 3435 1301 3528 genitor
1318 3436 1412 3507 dica·

361 3563 420 3622 tur
441 3576 584 3623 necesse
609 3563 664 3623 est
689 3552 793 3635 illius,
816 3553 876 3644 qui
902 3552 949 3621 ab
974 3551 1076 3620 initio
1102 3551 1234 3621 restitit
1256 3552 1410 3622 veritati.

362 3668 468 3751 Quod
498 3668 603 3739 simili
633 3669 740 3739 modo
770 3669 954 3761 provenire
980 3675 1098 3760 potest
1123 3666 1232 3736 etism
1257 3665 1323 3749 bis,
1349 3668 1410 3758 qui

361 3785 484 3854 virtuti
510 3785 675 3867 student3
702 3807 783 3854 nam
808 3784 926 3854 audivi
950 3783 1159 3852 fortissimos
1177 3782 1268 3852 viros
1293 3784 1411 3854 dicere

360 3900 404 3969 ad
423 3899 554 3980 Deum,
574 3908 582 3935 ¹
585 3907 730 3993 propter
743 3898 898 3969 timorem
917 3906 1014 3968 tuum
1032 3892 1238 3966 ¹Domiuum
1257 3897 1296 3968 iu
1314 3908 1411 3969 utero

362 4016 586 4109 concepimus,
597 4024 628 4085 cl
641 4013 822 4097 doluimus,
833 4021 867 4084 ct
879 4014 1077 4108 peperimus
1092 4013 1256 4107 spiritum
1270 4012 1410 4093 saliatu·

359 4134 411 4202 ita
437 4141 475 4201 et
505 4133 706 4224 quicunque
732 4132 777 4201 de
803 4133 931 4201 timore
957 4129 1102 4222 maligni
1129 4128 1344 4221 concipiunt,
1370 4139 1408 4199 et

400 4291 416 4334 8
431 4280 464 4336 ln
480 4280 577 4336 codice
591 4279 739 4337 casinensi
753 4287 806 4344 est,
816 4278 978 4353 proficiebat
994 4278 1117 4352 impetur.

400 4374 409 4418 ¹
425 4377 518 4442 Forte,
536 4378 662 4433 Domine.

399 4472 511 4548 h[For.
531 4474 699 4548 parturiens.
743 4473 816 4530 Cum
838 4473 1020 4548 sequentibus
1042 4483 1137 4530 autem
1159 4472 1257 4529 confer
1279 4470 1409 4545 Dionysii

359 4572 406 4628 Al.
422 4572 531 4647 Fruqm.
547 4572 596 4627 lin.
611 4570 638 4627 8.
655 4590 680 4644 p.
695 4572 763 4647 396.
780 4571 834 4627 vol.
851 4571 906 4627 mei
921 4571 975 4643 iii]

746 4675 752 4697 ¹
771 4669 848 4742 [lsai.
864 4668 941 4725 xxvi.
963 4668 1022 4741 ru]
