3817 5692
425 700 489 761 230
796 699 828 761 S.
844 697 1116 761 AUGUSTINI

426 892 507 940 cum
538 870 696 961 baptizat
728 868 852 951 malus,
883 892 954 938 non
988 868 1083 939 aliud
1114 870 1174 939 dat
1208 891 1315 959 quam
1349 869 1478 940 bonus.

427 984 522 1078 Ergo
540 993 577 1054 et
595 1007 676 1054 curn
695 984 851 1076 baptizat
868 984 976 1075 pejor,
993 1006 1065 1051 non
1086 982 1182 1053 aliud
1203 984 1264 1053 dat
1288 1006 1393 1075 quam
1412 984 1479 1054 ille

425 1101 485 1191 qui
504 1101 620 1169 minus
637 1108 692 1169 est
709 1098 833 1170 malus.
885 1097 944 1167 An
961 1098 1052 1168 forte
1071 1120 1140 1167 non
1163 1098 1207 1168 ad
1230 1098 1380 1168 hominis
1398 1122 1479 1169 me·

425 1217 544 1294 ritum,
562 1216 624 1285 sed
647 1215 692 1284 ad
715 1215 824 1305 ipsius
847 1214 1011 1305 baptismi
1031 1221 1289 1283 sacramentum
1307 1216 1478 1305 pertinet,

424 1340 467 1399 ut
484 1330 566 1400 foris
584 1330 658 1400 dari
676 1352 747 1398 non
765 1327 898 1421 possiti
935 1328 974 1399 Si
992 1328 1059 1398 hoc
1077 1331 1128 1398 ita
1144 1339 1249 1410 esset,
1266 1352 1333 1399 nea
1351 1328 1477 1399 haberi

425 1444 508 1514 foris
533 1452 662 1536 posset,
680 1452 718 1513 et
742 1446 875 1514 totiens
900 1465 1044 1513 necesse
1069 1451 1162 1514 esset
1188 1443 1368 1536 baptizari,
1386 1466 1480 1534 quo-

425 1543 517 1630 tiens
540 1559 706 1629 recedens
729 1561 876 1651 quisque
894 1559 939 1628 ab
957 1556 1118 1629 Ecclesia
1142 1580 1261 1629 rursus
1285 1559 1329 1629 ad
1349 1557 1481 1631 Eccle-

426 1676 514 1745 siam
532 1684 734 1745 remeasset.

475 1789 559 1860 Jam
576 1814 660 1861 vero
685 1792 714 1860 si
741 1788 947 1882 diligentius
971 1810 1167 1879 quaeramus
1192 1789 1277 1879 quid
1302 1790 1349 1859 sit
1358 1787 1477 1884 soris,

426 1906 581 1976 maxime
611 1907 693 1998 quia
722 1907 797 1997 ipse
826 1905 1198 1975 commemorationem
1227 1905 1313 1975 fecit
1341 1916 1357 1947 ¹
1363 1915 1479 1997 patrae

426 2043 660 2113 superquam
687 2021 879 2090 aedificatur
900 2018 1080 2101 Ecclesia:
1106 2042 1224 2090 nonne
1249 2020 1302 2090 illi
1327 2030 1410 2090 sunt
1436 2022 1479 2091 in

426 2135 596 2216 Ecclesia,
614 2136 675 2226 qui
693 2135 829 2205 suntin
848 2143 969 2226 petra;
996 2135 1056 2225 qui
1078 2143 1199 2203 autem
1221 2136 1258 2204 iu
1281 2145 1381 2226 petra
1401 2157 1479 2205 non

426 2259 519 2331 sunt,
549 2273 616 2320 nec
650 2251 686 2318 in
717 2249 877 2319 Ecclesia
910 2250 1018 2320 sunt?
1060 2248 1144 2319 Jam
1178 2273 1262 2342 ergo
1291 2251 1479 2322 videamus

426 2373 547 2434 utrum
565 2387 668 2456 super
685 2373 822 2456 petram
841 2364 1026 2434 aedificium
1048 2386 1149 2433 suum
1168 2364 1393 2446 constituant,
1412 2368 1478 2455 qui

427 2480 575 2550 audiunt
599 2478 730 2549 Christi
754 2481 872 2563 verba,
896 2488 934 2549 et
960 2502 1030 2549 non
1056 2479 1201 2549 faciunt.
1253 2479 1480 2550 contradicit

264 2615 354 2666 Maon
367 2618 408 2665 vn
428 2596 479 2665 eis
496 2597 571 2688 ipse
589 2594 773 2677 Dominus,
789 2595 918 2673 dicens,
934 2593 1006 2682 Qui
1022 2593 1120 2663 audit
1136 2591 1234 2663 cerba
1253 2617 1326 2664 mea
1343 2592 1424 2676 haec,
1443 2604 1480 2665 et

265 2682 353 2741 ’⁴⁸²⁶’
418 2705 514 2808 facit
539 2733 589 2792 aa,
614 2706 771 2780 similabo
801 2708 898 2779 illam
928 2710 1004 2780 ciro
1028 2709 1206 2803 prudenti,
1237 2712 1297 2804 qai
1325 2710 1481 2804 oediJicat

426 2825 563 2895 domum
597 2848 695 2894 cuam
729 2848 832 2918 super
856 2832 992 2918 petram
1003 2849 1015 2903 ,·
1058 2834 1095 2894 et
1134 2825 1239 2916 paulo
1277 2836 1366 2918 post,
1404 2825 1480 2915 Qui

427 2938 526 3009 audit
550 2937 650 3010 verba
676 2962 749 3009 mea
774 2938 859 3022 aaa,
884 2948 915 3009 ct
940 2963 1009 3011 non
1024 2937 1121 3034 facit
1145 2964 1195 3021 aa,
1220 2939 1377 3012 similabo
1397 2965 1478 3011 cam

427 3056 503 3127 viro
524 3052 635 3137 sicelio,
654 3055 713 3148 qui
741 3052 889 3148 aedificat
909 3053 1047 3125 domam
1071 3078 1170 3125 mmm
1192 3080 1295 3150 sriper
1322 3080 1478 3128 arenam.

428 3167 466 3238 Si
490 3190 574 3260 ergo
595 3167 631 3236 in
654 3177 755 3258 petra
775 3179 831 3238 est
848 3167 1018 3249 Ecclesia,
1037 3170 1088 3240 illi
1115 3172 1174 3262 qui
1202 3195 1307 3265 super
1330 3195 1478 3243 arenam

427 3284 622 3373 suntquis
644 3291 746 3352 extra
771 3292 908 3375 petram
935 3294 1029 3368 sunt,
1047 3288 1206 3379 profecto
1232 3297 1333 3357 extra
1351 3287 1479 3357 Eccle-

427 3399 514 3467 siam
532 3407 625 3466 sunt.
678 3398 920 3468 Recordemur
944 3401 1064 3491 itaque
1088 3425 1192 3493 quam
1220 3404 1352 3473 multos
1377 3426 1479 3473 com-

427 3521 600 3582 memoret
617 3511 812 3604 Cyprianus
830 3513 929 3585 velut
946 3516 1041 3586 intus
1061 3518 1194 3609 positos
1216 3520 1276 3608 qui
1300 3519 1478 3589 aedificant

426 3649 531 3719 super
555 3650 709 3710 arenam,
730 3629 767 3698 id
793 3638 858 3710 est,
880 3630 1031 3700 audiunt
1053 3634 1158 3702 verba
1182 3632 1313 3703 Christi
1339 3643 1376 3703 et
1402 3656 1476 3704 non

427 3742 572 3812 faciunt.
627 3742 675 3812 Er
709 3744 789 3812 ideo
820 3745 903 3835 quia
936 3768 1042 3836 super
1075 3770 1216 3817 arenam
1252 3757 1344 3830 sunt,
1372 3759 1478 3819 extra

426 3863 564 3946 petram
598 3878 674 3925 esse
708 3859 974 3941 convincuntur,
1005 3861 1098 3950 quod
1129 3871 1183 3930 est
1217 3870 1319 3931 extra
1350 3862 1478 3932 Eccle-

426 3963 534 4038 sia'm:
561 3977 681 4039 tamen
707 3980 744 4040 et
773 3972 941 4063 quamdiu
971 3975 1022 4042 ita
1047 3983 1139 4055 sunt,
1166 3986 1203 4045 et
1234 3978 1390 4046 nondum
1416 3978 1476 4046 vel

426 4105 620 4174 numquam
637 4086 673 4153 in
692 4085 818 4155 melius
835 4098 1111 4172 commutantur,
1130 4091 1309 4182 baptizant
1332 4103 1369 4162 et
1389 4092 1478 4184 bap-

427 4199 603 4279 tizantur3
630 4207 666 4268 et
693 4199 888 4290 baptismus
914 4225 1018 4295 quem
1045 4204 1190 4290 habent,
1213 4206 1281 4276 illis
1304 4207 1348 4276 ad
1376 4207 1477 4276 dam-

362 4331 364 4337 ·
426 4314 606 4382 nationem
625 4313 809 4383 destinatis
826 4316 964 4408 integer
980 4328 1112 4388 manet.

469 4508 482 4539 ¹
505 4500 602 4557 Plures
628 4499 716 4558 MSS.
742 4500 822 4557 Petri
846 4522 928 4579 saper
951 4526 1045 4580 quem:
1067 4508 1150 4572 male,
1176 4517 1207 4565 ut
1232 4529 1267 4565 ex
1292 4510 1476 4582 sequentibus

428 4603 515 4667 patet.
561 4595 622 4667 (sic
636 4598 713 4672 prior
728 4601 829 4664 meus.)
