3817 5692
644 682 886 744 RESPONSA
912 681 980 743 AD
1004 679 1268 742 EPISCOPOS.
1411 680 1475 743 247

427 857 571 926 diversae
598 878 653 925 ros
680 864 775 926 suut.
826 853 866 923 Si
891 853 1003 945 iniqui
1030 852 1162 923 habeut
1188 851 1372 943 baptisma,
1384 852 1474 942 justi

428 993 497 1039 non
528 970 681 1039 habent:
708 969 736 1037 si
767 978 889 1038 autem
914 968 1004 1059 justi
1035 966 1179 1050 habent,
1207 968 1316 1058 iniqui
1346 967 1476 1036 habere

427 1109 497 1155 non
523 1094 679 1178 possunt.
732 1083 891 1154 Dubium
919 1093 1041 1153 autem
1069 1106 1139 1152 non
1165 1092 1230 1165 est,
1241 1084 1359 1174 justos
1384 1081 1477 1152 solos

427 1202 641 1293 baptismum
664 1198 795 1269 Christi
822 1200 1011 1290 possidere,
1036 1198 1097 1292 qui
1123 1198 1186 1268 soli
1215 1199 1417 1290 possideant
1440 1208 1477 1265 et

426 1315 575 1409 gratiam
596 1312 726 1383 Christi
746 1322 783 1382 et
802 1313 999 1383 veritatem.
1055 1314 1135 1383 Hoo
1152 1324 1249 1384 certe
1267 1314 1395 1383 falsum
1413 1322 1476 1393 est,

428 1429 497 1499 illis
515 1451 655 1520 quoque
670 1427 876 1497 fatentibus.
904 1427 953 1497 Et
970 1427 1023 1497 illi
1041 1430 1172 1521 quippo
1190 1428 1299 1498 invidi
1318 1429 1377 1519 qui
1395 1437 1478 1497 sunt

429 1553 596 1634 exparte
623 1541 754 1612 diaboli
778 1547 831 1610 'et
854 1544 949 1612 intus
972 1544 1089 1635 positi,
1111 1543 1202 1613 sicut
1229 1543 1316 1613 dioit
1333 1542 1479 1635 Cypria·

429 1682 506 1740 nus,
523 1669 632 1750 atque
649 1655 831 1748 rapostolo
850 1655 964 1726 Paulo
981 1658 1167 1739 notissimi,
1183 1658 1399 1750 baptismum
1418 1658 1480 1727 hu-

430 1774 582 1857 bebant3
601 1796 667 1842 neo
684 1772 728 1841 ad
747 1772 907 1841 membru
924 1772 1020 1842 illius
1037 1771 1209 1843 columbae
1226 1795 1308 1864 quae
1325 1773 1360 1841 in
1380 1782 1479 1865 petra

345 1928 346 1933 κ
430 1894 509 1956 tuta
526 1898 580 1957 est
598 1886 833 1978 pertinebant..

479 2006 680 2099 Adelphius
698 2029 719 2076 a
735 2005 926 2075 'I'hasbalte
947 2007 1058 2077 dixit:
1084 2004 1173 2077 Sino
1198 2029 1319 2077 caussa
1344 2005 1604 2100 quidamcrm.

419 2118 519 2215 satra
536 2131 567 2192 et
584 2121 755 2193 inuidioso
772 2120 870 2192 aerbo
888 2121 1091 2217 irapayaaat
1108 2122 1294 2206 veritatem,
1309 2130 1346 2192 ut
1363 2119 1482 2217 rebap·

430 2238 541 2308 tizare
563 2262 625 2310 aas
650 2237 777 2319 dicuat,
795 2236 933 2329 quando
953 2235 1110 2309 Ecclesia
1135 2235 1314 2309 haeratiaos
1339 2261 1407 2307 aaa
1428 2261 1483 2307 re-

431 2348 587 2446 baptizet,
605 2353 666 2424 sad
680 2352 836 2447 baptizat.

482 2466 598 2537 Immo
625 2492 707 2537 vero
732 2469 838 2536 modo
870 2490 940 2535 nou
970 2468 1186 2560 rebaptizat3
1213 2470 1295 2560 quis
1325 2469 1389 2537 nisi
1421 2489 1482 2535 eos

432 2583 492 2672 qui
514 2583 684 2674 baptizati
708 2606 778 2651 non
802 2591 897 2663 suut,
915 2604 987 2650 non
1005 2583 1182 2674 baptizat;
1210 2606 1315 2675 quam
1335 2605 1483 2653 eonsue-

433 2696 593 2765 tudinem
605 2698 815 2767 anteriorem
827 2706 1011 2788 perspecta
1022 2691 1227 2789 diligentius
1236 2698 1363 2767 veritas
1374 2698 1480 2766 etiam

432 2811 582 2882 concilio
600 2812 793 2904 posteriore
810 2811 974 2881 firmavit.
1073 2800 1076 2806 ’

484 2926 689 2998 Demetrius
714 2952 736 2998 a
763 2927 1003 3019 Lepti-minus
1030 2927 1141 2997 dixit:
1174 2926 1288 3000 Unum
1316 2926 1549 3022 baptismam,
1566 2959 1606 3007 ⁴3·

434 3064 496 3111 aas
514 3042 732 3126 contudimus,
746 3044 828 3137 qaia
841 3040 1007 3113 Ecclesia
1023 3040 1199 3115 catholica
1214 3042 1281 3115 soli
1296 3068 1368 3114 rem
1386 3068 1483 3114 auam

434 3155 658 3230 vindicamus.
712 3158 782 3247 Qui
799 3168 910 3229 autem
934 3156 1054 3228 dicuat
1079 3158 1161 3252 qaia
1179 3157 1334 3230 haretici
1356 3184 1432 3232 aare
1453 3170 1485 3230 et

434 3268 583 3368 leyitime
609 3270 795 3367 baptizant,
813 3272 883 3367 ipsi
906 3281 986 3343 auat
1010 3272 1071 3367 qai
1090 3295 1160 3343 aaa
1177 3271 1279 3355 zano,
1295 3272 1357 3343 aad
1378 3272 1485 3345 malta

434 3383 638 3480 baptismata
642 3386 811 3483 saoiuut:
838 3411 917 3457 uam
936 3411 1013 3458 cam
1030 3385 1174 3458 hareses
1191 3386 1308 3459 maltro
1322 3389 1402 3471 aiat,
1415 3413 1485 3483 pro

434 3525 552 3574 aarum
570 3528 712 3575 numero
730 3514 762 3575 et
778 3502 983 3599 baptismata
1000 3502 1291 3597 computabantur.

487 3618 584 3690 Huic
600 3621 854 3713 respondetur:
883 3619 921 3690 si
940 3622 992 3690 ita
1008 3629 1073 3700 est,
1084 3630 1138 3689 tot
1152 3644 1237 3714 ergo
1254 3632 1486 3692 numerentur

435 3735 657 3827 baptismata,
685 3747 773 3828 quot
803 3746 885 3806 sunt
916 3758 1022 3828 opera
1051 3736 1176 3817 carnis,
1205 3737 1249 3806 de
1279 3738 1406 3829 quibus
1435 3740 1487 3808 ait

437 3847 644 3939 Apostolus,
670 3852 836 3941 quoniam
871 3854 932 3942 qui
962 3851 1049 3921 talia
1082 3861 1205 3943 agunt,
1232 3875 1381 3945 regnum
1416 3855 1483 3924 Dei
1496 3880 1649 3929 austun.

437 3984 507 4031 non
527 3965 771 4054 possidebunt:
801 3968 894 4035 inter
911 3989 987 4057 quae
1011 3977 1243 4037 numerantur
1265 3978 1303 4037 et
1329 3970 1486 4056 hareses,

478 4170 494 4216 t
511 4158 544 4215 ln
560 4159 726 4233 quibusdam
745 4161 834 4227 libris,
849 4171 930 4237 atque
950 4164 1089 4238 apostolus
1105 4164 1218 4229 Paulas,
1232 4166 1400 4222 notissimum
1423 4167 1487 4241 bap-

438 4255 555 4313 tismum.

482 4354 559 4412 zSia
583 4357 644 4412 Am.
672 4356 721 4413 Er.
745 4365 774 4412 et
798 4374 897 4413 omnes
921 4357 970 4413 hic
991 4356 1082 4413 MSS.
1125 4359 1162 4415 At
1184 4358 1254 4415 Lov.
1278 4368 1306 4416 et
1328 4361 1414 4434 Cypr.
1435 4351 1506 4414 noa‘

439 4472 531 4509 unam.

723 4567 730 4588 ¹
750 4559 806 4631 [Ex
819 4559 909 4615 ultera
925 4578 988 4615 meo
1000 4559 1063 4617 MS.
1076 4559 1196 4634 addidi]
