3817 5692
593 685 836 749 RESPONSA
861 686 929 747 AD
953 685 1217 749 EPISCOPOS.
1359 686 1424 750 aa?

377 859 482 927 tisma
499 858 593 948 quod
611 865 665 926 eat
683 858 718 926 in
734 856 893 928 Ecclesia
909 867 1031 928 sancta
1046 880 1104 927 me
1122 858 1264 928 eredere
1281 878 1424 948 respon·

378 972 509 1041 derem.
561 971 600 1042 Si
617 981 738 1042 autern
762 982 977 1064 qnaereretur
1000 982 1120 1043 utrum
1142 974 1179 1042 in
1202 971 1276 1043 sola
1300 980 1422 1043 sancta

377 1096 469 1157 esset
496 1086 665 1170 Ecclesia,
693 1097 730 1157 et
760 1089 853 1181 apud
883 1089 1066 1160 haereticos
1095 1087 1150 1158 vel
1182 1088 1422 1159 schismaticos

377 1224 450 1271 non
467 1211 577 1274 esset:
604 1226 676 1273 non
693 1225 752 1272 me
769 1204 820 1272 ita
837 1204 979 1274 credere
997 1226 1079 1274 cum
1096 1211 1174 1273 tota
1191 1199 1352 1273 Ecclesia
1369 1225 1423 1273 ra-

376 1319 596 1409 sponderem.
648 1317 721 1388 Sed
742 1318 825 1409 quia
847 1318 914 1388 hoc
936 1318 997 1388 ille
1019 1319 1056 1387 in
1078 1321 1255 1389 sententia
1271 1341 1335 1389 aua
1350 1341 1423 1388 non

376 1433 503 1523 posuit,
521 1442 608 1525 puto
630 1454 707 1502 esse
729 1432 927 1524 improbum
950 1444 992 1502 ut
1008 1456 1075 1526 ego
1097 1432 1149 1503 illi
1171 1433 1298 1503 addam
1315 1433 1423 1503 verba

377 1555 501 1616 contra
517 1570 594 1638 quaa
612 1547 799 1638 disputem,
818 1569 898 1637 quae
915 1547 964 1616 ibi
983 1570 1054 1616 non
1071 1548 1199 1617 inveni.
1251 1546 1310 1617 Ita
1326 1548 1421 1616 enim

378 1662 406 1729 si
430 1660 575 1741 diceret,
593 1658 678 1731 Una
700 1669 754 1730 est
776 1684 868 1752 aqua
884 1659 1075 1753 Euphratae
1093 1661 1257 1742 fluminis,
1275 1685 1351 1753 quae
1368 1671 1423 1731 est

379 1774 414 1843 in
433 1774 612 1866 paradiso:
639 1797 760 1845 verum
784 1776 908 1867 utique
928 1777 1072 1847 diceret.
1124 1776 1196 1847 Sed
1222 1778 1250 1846 si
1276 1778 1424 1845 interro-

378 1899 532 1983 garetur,
555 1897 677 1959 utrum
705 1891 740 1959 in
768 1890 842 1960 solo
870 1893 1030 1983 paradiso
1055 1901 1148 1962 esset
1174 1893 1242 1962 ista
1266 1914 1368 1984 aqua,
1387 1900 1424 1961 et

377 2002 429 2072 ita
445 2023 521 2071 esse
539 2002 683 2084 diceret,
697 2002 827 2074 falsum
851 2004 996 2075 dicaret.
1048 2005 1114 2076 Est
1131 2006 1226 2076 enim
1244 2014 1281 2076 et
1298 2014 1426 2097 praeter

377 2116 577 2209 paradisum
600 2118 637 2186 in
660 2116 715 2186 his
737 2119 850 2200 terris,
868 2119 904 2188 in
923 2142 1009 2210 quas
1030 2120 1076 2190 ab
1093 2118 1155 2189 illo
1172 2119 1271 2189 fonte
1288 2140 1425 2211 perma-

378 2240 450 2302 nat.
502 2231 575 2302 Sed
607 2234 685 2324 quis
715 2242 770 2303 est
795 2242 870 2303 tam
900 2237 1118 2317 temerarius,
1141 2235 1201 2326 qui
1232 2234 1328 2304 dicat
1357 2233 1425 2303 lroe

379 2371 460 2417 eum
478 2370 725 2441 responsurum
743 2349 850 2420 fuisse
867 2351 962 2442 quod
979 2350 1106 2421 falsum
1125 2358 1189 2430 est,
1208 2371 1289 2419 cum
1306 2358 1425 2441 posset

379 2460 525 2531 fortasse
543 2462 610 2532 hoc
627 2463 838 2553 respondere
851 2465 945 2554 quod
959 2488 1082 2534 verum
1097 2464 1174 2535 est?
1202 2464 1426 2558 Quapropter

379 2574 487 2644 verba
509 2576 612 2667 hujus
634 2577 817 2646 sententiaa
841 2599 910 2646 non
933 2578 1065 2647 debent
1082 2578 1212 2648 habere
1229 2578 1426 2648 contradic-

380 2692 526 2773 tionem,
545 2693 627 2783 quia
643 2690 730 2761 nihil
749 2691 949 2784 impediunt
967 2694 1165 2763 veritatem.

431 2804 583 2877 Dativns
600 2830 621 2876 a
638 2806 746 2876 Badis
763 2806 874 2875 dixit:
901 2804 985 2890 Nos,
1004 2815 1167 2900 quantum
1191 2806 1229 2876 in
1254 2804 1350 2876 nodis
1367 2815 1499 2887 asten·
1512 2829 1551 2869 υ.

379 2918 540 2991 doeretico
557 2943 626 2990 aon
643 2921 939 3003 communicamus,
957 2922 1029 2991 nisi
1045 2920 1237 3015 baptizatus
1255 2922 1293 2991 in
1309 2920 1429 2992 Eccle-

380 3034 568 3131 adusserit,
587 3044 618 3106 el
634 3036 869 3107 remissionem
881 3046 1099 3131 peccalorum
1117 3038 1297 3131 acceperit.

431 3152 697 3244 Respondetur:
724 3151 762 3222 Si
781 3161 967 3245 propterea
981 3154 1033 3222 vis
1050 3176 1132 3223 eum
1150 3153 1331 3245 baptizari,
1346 3152 1429 3244 quia

380 3288 451 3335 non
474 3268 611 3358 accepit
636 3267 877 3336 remissionem
909 3277 1156 3360 peccatorum;
1182 3270 1210 3338 si
1241 3270 1336 3337 intus
1365 3267 1428 3337 ali·

380 3404 486 3473 quem
511 3383 686 3452 inveneris
710 3384 769 3474 qui
796 3391 921 3453 tenens
945 3383 1066 3453 odium
1093 3384 1259 3453 adversus
1282 3383 1427 3454 fratrem

380 3498 429 3566 sie
447 3497 644 3588 baptizatus
666 3497 721 3578 sit,
740 3520 821 3566 eum
841 3498 1016 3568 Dominus
1041 3499 1184 3568 mentiri
1209 3522 1280 3569 non
1306 3499 1425 3591 possit,

381 3612 440 3703 qui
464 3613 523 3693 ait,
542 3611 582 3682 Si
607 3635 677 3681 non
705 3612 915 3695 dimiseritis,
932 3637 1006 3683 non
1021 3613 1121 3684 vobis
1144 3614 1353 3695 dimittetur,
1366 3616 1525 3707 ju-nrst.
1537 3638 1571 3687 vs.

380 3725 480 3795 babis
498 3736 695 3797 correctum
719 3728 836 3797 denuo
858 3727 1053 3818 baptizari?
1097 3726 1182 3797 Non
1208 3729 1350 3820 utique:
1377 3717 1475 3799 sic¹⁵'

381 3863 465 3933 ergo
496 3863 560 3911 nec
591 3840 806 3911 haereticum.
858 3841 953 3913 Sane
982 3842 1051 3912 iste
1080 3866 1143 3911 cnr
1172 3866 1243 3912 non
1274 3842 1429 3912 breviter

382 3955 522 4035 dixerit,
539 3952 613 4025 Nos
637 3954 797 4027 lroeralico
820 3980 889 4027 non
912 3958 1222 4036 communicanda
1248 3959 1309 4028 sed
1330 3956 1428 4027 addi-

382 4069 444 4150 dit,
472 4078 634 4163 quantum
664 4072 703 4141 in
731 4069 827 4141 nodis
854 4079 923 4142 cst:
951 4096 1022 4153 non
1050 4081 1104 4142 est
1130 4073 1428 4165 praetaraundum.

383 4186 487 4256 Vidit
510 4188 605 4257 enim
629 4185 747 4278 plures
773 4187 855 4258 huic
878 4188 1063 4258 sententia
1080 4188 1287 4269 consentire,
1305 4210 1327 4257 a
1344 4209 1429 4279 quo-

382 4324 460 4371 rum
490 4311 610 4372 tamen
641 4304 826 4385 consortio,
855 4326 901 4373 ne
927 4302 1118 4374 violaretur
1147 4304 1275 4381 unitas,
1302 4324 1340 4372 se
1370 4303 1429 4371 isti

383 4439 542 4507 separare
571 4442 642 4489 non
668 4427 820 4511 possent,
842 4427 880 4489 st
905 4418 1053 4501 addidit,
1077 4425 1240 4512 quantum
1267 4417 1305 4486 in
1333 4414 1430 4486 nodis

383 4539 452 4601 est:
480 4529 603 4624 utique
629 4535 872 4605 demonstrans
897 4556 967 4602 non
992 4532 1175 4603 voluntate
1205 4556 1243 4603 se
1272 4554 1431 4601 commu-

383 4648 500 4718 nicare
523 4647 577 4719 his
600 4673 688 4741 quos
712 4648 948 4720 arbitrabatur
967 4649 1182 4740 baptismum
1200 4671 1272 4718 non
1289 4647 1429 4730 habere,

862 4782 918 4846 cg
935 4780 953 4824 a
