3817 5692
655 691 898 756 RESPONSA
921 692 989 754 ΑΙ)
1012 692 1275 756 EPISCOPOS.
1421 690 1485 757 279

436 862 654 945 habitabant,
672 865 707 933 in
734 886 804 955 qua
828 864 902 955 ipse
927 863 1015 933 dicit
1041 885 1112 933 non
1137 862 1298 932 habitare
1319 862 1385 932 nisi
1403 884 1485 932 con-

437 980 560 1050 cordes
577 987 615 1050 et
633 979 834 1051 unanimes:
861 980 927 1062 nisi
940 979 1033 1049 forte
1050 981 1234 1070 quisquam
1252 979 1301 1048 sic
1319 977 1485 1048 abhorret

436 1117 459 1164 a
476 1116 567 1178 vero,
587 1105 628 1165 ut
645 1097 740 1167 dicat
756 1097 946 1167 concordes
963 1104 1001 1166 et
1024 1096 1207 1166 unanimes
1224 1095 1331 1164 fuisse
1348 1094 1485 1165 invidos

437 1218 475 1279 et
491 1210 692 1295 malevolos,
711 1221 748 1281 et
765 1213 840 1282 sine
857 1213 1005 1282 caritate
1023 1210 1281 1280 contentiosos:
1308 1218 1346 1278 et
1364 1218 1484 1278 tamen

437 1324 675 1417 baptizabant,
703 1349 769 1396 nec
795 1350 918 1398 eorum
944 1329 1013 1396 ista
1038 1325 1248 1396 detestanda
1276 1325 1484 1417 perversitas

435 1450 693 1511 sacramentum
724 1441 865 1524 Christi,
891 1441 985 1533 quod
1017 1464 1080 1533 per
1108 1464 1169 1511 eos
1200 1441 1418 1510 tractabatur
1446 1448 1485 1509 et

436 1555 712 1647 dispensabatur,
735 1556 853 1647 aliqua
876 1578 921 1626 ex
950 1565 1050 1649 parte
1077 1555 1261 1626 minuebat
1287 1564 1394 1646 atquc
1411 1556 1485 1625 vio·

436 1667 543 1739 labat.

486 1784 616 1855 Totum
640 1808 724 1856 sane
746 1786 861 1878 ipsum
888 1786 1007 1857 locum
1033 1787 1070 1856 in
1096 1785 1220 1855 eadem
1242 1785 1288 1857 ad
1306 1786 1603 1880 Magnnmcn.50.

436 1900 585 1991 epistola
601 1902 754 1992 positum
768 1925 882 1994 operae
899 1902 1052 1994 pretinm
1067 1908 1121 1970 est
1138 1909 1363 1992 pertractare,
1374 1926 1481 1993 quem

435 2017 486 2085 ita
502 2018 697 2087 contexuit.
749 2015 830 2088 Non
846 2015 1014 2100 babitans,
1032 2017 1159 2109 inquit,
1177 2016 1216 2086 in
1233 2016 1332 2087 domo
1348 2016 1430 2101 Dei,
1444 2016 1485 2087 id

434 2139 491 2212 est,
510 2132 548 2201 in
564 2131 721 2203 Ecclesia
740 2131 887 2220 Christi,
904 2134 943 2203 in
961 2155 1029 2227 qua
1052 2156 1122 2203 non
1144 2132 1217 2202 nisi
1233 2132 1414 2204 concordes
1431 2143 1482 2205 et·

434 2269 498 2339 que
525 2249 704 2320 unanimes
732 2247 897 2333 latitant,
919 2247 1073 2343 loquente
1103 2249 1142 2318 in
1166 2247 1320 2319 Psalmis
1339 2248 1480 2343 Spiritu
1491 2268 1552 2319 rut
1565 2268 1633 2318 nvn

434 2373 560 2447 sarecto,
578 2376 609 2436 et
625 2364 765 2448 dicente,
784 2364 880 2435 Deus
900 2367 962 2459 qai
984 2363 1177 2436 inhabitare
1188 2364 1285 2459 facil
1302 2347 1513 2437 unanimes⁷'

433 2480 472 2547 in
501 2478 611 2550 domo.
661 2479 822 2574 Denique
849 2480 1096 2550 ‘unanimitate
1126 2476 1347 2551 Christianos
1369 2479 1481 2573 Jirma

433 2593 500 2665 sili
526 2603 626 2689 alque
652 2593 876 2689 irreparabili
902 2595 1046 2665 caritate
1072 2594 1377 2676 earnemcarnem
1404 2595 1481 2688 ipsa

432 2708 621 2781 Dominica
637 2710 810 2804 somnino
825 2707 1011 2780 declarant.
1045 2705 1138 2778 Nam
1155 2706 1292 2802 quando
1304 2707 1479 2779 Dominus
1487 2732 1578 2782 rnna
1585 2734 1617 2781 vr.

432 2848 555 2919 corpus
584 2849 684 2896 suum
712 2848 839 2919 panem
868 2832 976 2907 cocat,
1003 2822 1045 2893 de
1075 2820 1258 2893 multorum
1287 2811 1527 2920 prunorum*

431 2938 640 3011 alienatione
664 2948 854 3037 conpertum
866 2964 878 3019 ‚·
896 2936 1064 3034 populum
1090 2947 1254 3021 nostrum,
1275 2962 1372 3032 quem
1392 2961 1479 3031 por-

433 3053 534 3140 tabat,
552 3054 684 3126 indicat
700 3054 910 3125 adurentem:
939 3064 972 3126 ct
991 3052 1128 3147 quando
1153 3055 1353 3150 sanpuinem
1378 3073 1580 3125 surrmnaun

431 3171 548 3241 oinium
566 3169 722 3266 appellat,
739 3170 782 3241 dc
797 3169 903 3241 botris
920 3180 1020 3265 atque
1036 3170 1147 3241 acinis
1159 3168 1325 3263 plurimis
1342 3138 1626 3268 cepres-{3⁹¹²⁶‘

431 3309 518 3371 sum,
535 3296 634 3381 atque
660 3288 698 3357 in
724 3311 830 3358 unam
861 3296 1011 3358 coactum
1023 3312 1035 3365 ,·
1056 3309 1191 3383 prepem
1219 3286 1297 3355 item
1324 3295 1477 3356 nostrum

429 3404 601 3499 siprn'fieat
625 3404 867 3477 commeatione
896 3400 1058 3473 adunata
1084 3399 1315 3472 multitudinis
1342 3400 1478 3495 copula·

431 3528 512 3591 tum.
565 3520 654 3590 Haec
682 3521 788 3590 verba
818 3520 910 3590 beati
942 3517 1109 3611 Cypriani
1139 3517 1296 3587 indicant
1326 3540 1409 3587 eum
1439 3527 1476 3589 et

429 3635 647 3707 intellexisse
675 3645 712 3705 et
738 3635 903 3705 dilexisse
930 3634 1093 3705 decorem
1120 3633 1245 3704 domus
1271 3633 1352 3713 Dei,
1369 3657 1476 3726 quam

430 3751 576 3821 domum
607 3775 652 3821 ex
680 3751 853 3821 unanimis
879 3759 917 3821 et
942 3749 1172 3820 concordibus
1198 3758 1360 3819 constare
1386 3750 1477 3820 affir-

429 3868 550 3946 mavit,
569 3875 607 3935 et
632 3867 753 3936 docuit
776 3867 980 3936 testimonio
1006 3865 1222 3957 prophetico,
1243 3874 1281 3934 et
1304 3865 1477 3958 significa-

430 3983 527 4052 tione
547 3990 865 4051 sacramentorum:
894 3981 930 4049 in
956 4004 1026 4072 qua
1051 3982 1175 4072 utique
1200 4003 1271 4049 non
1297 3990 1398 4050 eraut
1423 3981 1473 4051 illi

429 4096 550 4177 invidi,
569 4104 606 4165 et
631 4096 706 4165 sinc
732 4095 879 4165 caritate
904 4093 1081 4177 malevoli,
1099 4096 1158 4185 qai
1177 4104 1297 4165 tamen
1320 4095 1476 4186 baptiza·

430 4211 528 4282 bant.
580 4210 636 4280 Ex
655 4234 725 4302 quo
742 4220 887 4303 apparet
905 4212 996 4280 etin
1014 4210 1064 4280 eis
1081 4233 1157 4281 esse
1174 4233 1287 4301 posse,
1305 4219 1413 4301 atque
1430 4211 1475 4279 ab

429 4325 571 4396 eis'dari
590 4349 692 4418 posse
714 4335 974 4398 sacramentum
992 4323 1134 4408 Christi,
1152 4325 1213 4416 qui
1236 4348 1307 4396 non
1333 4334 1415 4395 sunt
1436 4325 1474 4394 in

468 4541 482 4573 ¹
497 4531 582 4606 Apud
597 4531 684 4606 Cypr.
700 4533 900 4589 unanimitatem
912 4532 1097 4589 Christianam
1105 4530 1191 4605 firma
1205 4529 1259 4586 sibi
1271 4536 1353 4603 etque
1366 4529 1472 4602 insepa-

426 4628 508 4686 rabili
522 4629 638 4686 caritate
651 4646 802 4686 connexam.
