3817 5692
501 687 567 754 168
732 689 988 754 ARCHELAI
1014 690 1078 754 ET
1104 691 1320 754 MANETlS

501 862 652 934 uostris?
678 871 717 934 et
742 864 886 954 quidem
911 887 993 933 cum
1016 864 1242 947 obtrectares‚
1260 876 1369 958 atque
1387 867 1551 958 injuriam

500 981 681 1072 irrogares,
698 989 736 1048 et
753 1003 835 1050 cum
859 979 1062 1050 detraheres
1086 980 1131 1050 de
1156 982 1312 1072 paternis
1337 983 1465 1052 nostris
1483 991 1553 1051 tre-

500 1095 703 1178 ditionibus,
721 1104 857 1166 etcum
876 1095 985 1166 velles
1012 1096 1146 1166 enimes
1175 1097 1359 1167 hominum
1386 1098 1479 1168 bene
1498 1100 1552 1167 in·

501 1213 654 1294 stitutus,
672 1235 714 1283 ec
732 1212 893 1306 diligenti
911 1211 1053 1283 ceutelo
1073 1223 1228 1283 serratos
1246 1215 1457 1296 interficere,
1474 1215 1553 1305 qui·

501 1326 568 1398 bus
593 1330 717 1419 utiquc
740 1327 932 1420 ¹repenseri
958 1349 1030 1396 non
1055 1337 1202 1419 possunt
1230 1331 1400 1399 uuiversae
1426 1330 1550 1399 mundi

502 1445 648 1517 divitiae.
701 1445 949 1518 Veruntamen
973 1456 1117 1538 propter
1139 1448 1234 1538 quod
1256 1449 1411 1528 assumis,
1431 1471 1452 1517 o
1470 1446 1552 1517 Me·

502 1563 659 1634 nichaeel
702 1562 798 1646 Quid
816 1572 871 1632 est
889 1562 983 1653 quod
1005 1562 1162 1633 indicas?
1206 1562 1295 1646 Quos
1313 1562 1436 1633 salutis
1453 1563 1552 1657 signe

501 1679 547 1748 ed
564 1700 628 1748 nos
645 1677 791 1756 deferes,
809 1677 943 1747 dicito?
988 1675 1191 1748 Verborum
1211 1679 1306 1748 enim
1324 1679 1419 1749 nuda
1438 1680 1552 1771 jacto·

501 1799 553 1866 tio
583 1821 653 1867 non
684 1797 816 1889 poterit
845 1798 1008 1888 praesenti
1036 1795 1256 1866 multitudini
1284 1796 1492 1877 satisfacere,
1510 1805 1551 1865 ut

502 1923 696 2007 agnoscent
729 1915 790 2005 qui
828 1923 988 1983 nostmm
1030 1913 1161 1982 rectius
1195 1912 1335 1982 obtinet
1368 1911 1551 1981 scientiam

502 2029 672 2100 veritatis.
725 2027 782 2097 De
799 2050 870 2119 quo
887 2051 973 2121 ergo
990 2029 1043 2097 vis
1060 2050 1123 2098 nos
1142 2028 1258 2119 capite
1276 2028 1466 2118 disputare,
1482 2026 1551 2096 hoc

502 2145 598 2236 prius
615 2145 733 2227 dicito,
751 2167 833 2214 cum
857 2145 953 2235 prius
979 2144 1119 2213 dicendi
1140 2145 1317 2235 acceperis
1334 2142 1550 2212 fucultatem.

503 2259 642 2330 Munus
668 2280 783 2342 nrxrr,
803 2259 843 2331 Si
869 2282 940 2330 non
966 2261 1097 2329 iterum
1123 2260 1186 2342 his,
1205 2283 1283 2352 queo
1300 2282 1322 2329 o
1338 2259 1438 2328 nobis
1455 2268 1551 2328 recte

503 2376 678 2456 dicuntur,
706 2375 898 2446 infideliter
927 2375 1068 2455 resistis,
1098 2375 1234 2459 dicem3
1262 2376 1290 2445 si
1320 2385 1442 2446 nutem
1471 2373 1552 2444 tulis

503 2490 635 2572 existis,
654 2490 794 2581 qualem
813 2498 850 2560 te
868 2490 964 2581 prius
981 2491 1083 2570 sensi,
1102 2490 1217 2560 dicem
1235 2491 1402 2561 adversus
1419 2490 1552 2560 Diodo-

503 2629 591 2688 rum,
626 2605 806 2677 declinans
839 2606 1122 2697 inquietudinem
1158 2615 1269 2677 tuam.
1326 2607 1552 2677 Ascnsusus

503 2743 618 2806 mxrr,
639 2723 794 2794 Praedixi
814 2724 901 2815 jam,
919 2723 1014 2814 quod
1036 2723 1218 2792 abutimur
1238 2724 1411 2793 inanitate
1429 2722 1550 2792 verbo·

503 2863 595 2909 rum.
646 2839 685 2909 Si
712 2841 790 2931 quis
808 2842 984 2909 ‘nostrum
1012 2839 1174 2908 resistere
1201 2838 1392 2908 infideliter
1417 2839 1552 2908 inveni-

504 2964 571 3036 tur,
597 2953 785 3024 Judicibus
814 2953 888 3023 hoec
919 2954 1088 3045 permitte
1119 2955 1335 3036 discemere;
1362 2964 1402 3024 tu
1430 2963 1551 3023 eutem

503 3069 587 3160 quid
614 3091 757 3150 asseres,
780 3069 900 3139 dicito.
953 3067 1090 3138 strues
1115 3087 1232 3151 mxrr,
1259 3067 1298 3138 Si
1327 3091 1397 3138 non
1421 3069 1551 3139 iterum

503 3185 636 3254 resistis
658 3184 721 3267 his,
746 3207 824 3276 quae
854 3207 876 3253 a
904 3206 964 3253 me
994 3184 1123 3253 iterum
1151 3193 1248 3254 recte
1272 3185 1448 3266 dicuntur,
1465 3187 1552 3256 inci·

503 3301 608 3391 piam.
660 3299 885 3371 Ascnmsus
914 3318 1031 3380 mxrr,
1063 3298 1102 3368 Si
1132 3322 1204 3369 non
1233 3300 1300 3370 hoc
1330 3309 1396 3381 est,
1422 3302 1449 3371 si
1480 3324 1551 3370 non

503 3414 602 3498 illud,
629 3438 744 3486 sermo
770 3427 826 3486 est
853 3415 1007 3485 hominis
1037 3416 1240 3508 ignorantis.
1291 3416 1437 3510 Ignoras
1467 3440 1551 3511 ergo

504 3533 598 3625 quod
621 3533 780 3603 futurum
807 3542 871 3602 est.
924 3529 997 3601 Sed
1020 3531 1089 3601 hoc
1115 3533 1208 3623 quod
1235 3533 1393 3602 futurum
1419 3535 1479 3616 ais,
1498 3557 1552 3605 re·

503 3651 626 3719 sistere
650 3671 718 3729 me,
737 3657 799 3718 cut
826 3671 897 3717 non
925 3649 1098 3731 resistere,
1115 3649 1151 3718 in
1179 3671 1258 3719 mes
1283 3658 1337 3719 est
1363 3660 1550 3742 potestate.

504 3765 692 3849 Quomodo
709 3787 794 3858 ergo
811 3765 921 3835 stabit
940 3787 1055 3835 sermo
1073 3765 1134 3834 ille
1153 3765 1302 3834 duarum
1319 3765 1496 3848 arborum,
1513 3768 1551 3836 in

503 3904 573 3972 quo
592 3881 680 3963 fidis,
698 3879 808 3950 veluti
827 3890 928 3950 scuto
945 3880 1168 3950 firmissimo?
1200 3879 1237 3950 Si
1256 3881 1350 3950 enim
1370 3882 1552 3952 contrariae

503 3999 611 4088 partis
628 4019 695 4090 ego
719 4019 805 4077 sum,
826 3997 1003 4087 quomodo
1029 3996 1267 4066 obedientiam
1295 4018 1411 4066 mecm
1438 3998 1552 4090 requi-

502 4112 573 4182 ris?
615 4112 721 4196 Quod
747 4113 777 4182 si
803 4113 1013 4182 obedientie
1036 4114 1070 4181 in
1094 4135 1154 4181 me
1171 4120 1226 4182 est
1245 4134 1355 4194 mens,
1374 4113 1551 4203 quomodo

503 4229 721 4318 pertimescis
738 4252 783 4298 ne
800 4227 985 4299 resistam?
1012 4228 1079 4299 Ais
1096 4229 1191 4298 enim
1209 4229 1293 4320 quia
1309 4228 1441 4298 malum
1461 4252 1552 4299 sem-

503 4365 566 4434 per
594 4354 779 4435 pennanet
808 4344 1009 4426 malumst
1037 4344 1170 4415 bonum
1200 4368 1340 4438 semper
1368 4357 1552 4438 permanet

786 4505 795 4540 t
811 4497 974 4556 Castrensis
989 4499 1089 4569 codex,
1105 4509 1267 4557 nostrorum.

878 4627 885 4649 ¹
904 4621 984 4694 [For.
1000 4625 1173 4697 repensare]
