3817 5692
751 695 1060 760 DISPU'l'ATlO.
1366 701 1429 760 lla

383 883 448 930 nus
465 862 658 945 hominum,
677 870 770 957 quod
790 870 886 960 virga
903 870 1016 939 ferrea
1033 873 1106 963 regi
1124 871 1280 962 indigeat
1297 895 1318 940 a
1335 872 1425 940 Deo.

384 974 580 1048 Exultabat
597 1004 680 1073 ergo
698 1005 801 1062 mors,
819 992 856 1052 et
875 1007 955 1054 cum
978 987 1075 1053 omni
1101 994 1278 1075 potestate
1303 1009 1427 1076 regna-

382 1095 574 1187 batosque
600 1097 645 1164 ad
668 1096 830 1188 Moysen,
849 1100 956 1168 etiam
979 1100 1014 1166 in
1032 1122 1102 1180 eos,
1120 1100 1179 1190 qui
1207 1123 1277 1167 non
1304 1122 1427 1191 pecca·

382 1223 514 1292 verant,
544 1212 610 1281 hoc
638 1212 755 1292 modo,
783 1235 852 1302 quo
881 1214 1054 1296 diximus3
1089 1236 1194 1303 super
1223 1223 1426 1305 peccatores

381 1325 535 1416 quidem,
554 1326 663 1395 veluti
690 1328 855 1418 proprios,
873 1328 1010 1418 sibique
1036 1328 1222 1419 subjectos,
1243 1330 1334 1398 sicut
1358 1329 1426 1399 fuit

382 1440 482 1523 Cain,
500 1450 537 1509 et
556 1441 685 1523 'Juda;
712 1464 816 1533 super
834 1442 951 1532 justos
973 1466 1055 1511 vero
1076 1453 1219 1534 propter
1235 1443 1313 1522 hoc,
1331 1444 1426 1535 quod

382 1578 450 1625 non
477 1558 716 1625 consentirent
742 1559 784 1638 ei,
806 1558 889 1647 quin
916 1558 1034 1648 potius
1060 1557 1271 1638 resisterent,
1289 1557 1426 1627 abscin-

382 1669 506 1737 dentes
522 1690 544 1737 a
561 1691 598 1737 se
625 1668 809 1738 libidinum
828 1669 914 1737 vitia
930 1678 968 1737 et
985 1670 1294 1760 concupiscentias,
1313 1670 1424 1740 veluti

380 1782 428 1863 hi,
459 1785 518 1873 qui
550 1783 689 1852 fuerant
716 1781 761 1851 ab
787 1782 892 1862 Abel,
919 1791 957 1851 et
986 1804 1097 1872 usque
1127 1783 1171 1851 ad
1206 1782 1424 1866 Zachariam,

381 1898 610 1968 'transferens
627 1921 765 1988 semper
781 1898 949 1988 usquead
969 1906 1109 1989 tempus
1126 1899 1162 1966 in
1176 1898 1307 1967 similes
1321 1898 1424 1968 illius.

381 2011 472 2081 Cum
491 2035 573 2082 vero
591 2013 760 2082 adfuisset
786 2012 940 2106 Moyses,
963 2022 1000 2081 et
1026 2011 1142 2104 legem
1166 2012 1319 2083 dedisset
1344 2013 1425 2083 filiis

381 2125 498 2207 Israel,
517 2136 554 2196 et
570 2138 767 2198 revocasset
790 2129 841 2197 eis
866 2129 902 2196 in
926 2127 1132 2196 memoriam
1153 2149 1275 2196 omnes
1294 2129 1425 2219 justifi-

380 2242 535 2312 cationes
569 2241 666 2334 legis,
694 2264 911 2333 quaecunque
944 2242 1129 2312 observare
1163 2243 1359 2333 oportebat,
1386 2253 1424 2314 et

380 2356 504 2429 facere,
532 2379 592 2426 eos
621 2379 702 2425 vero
734 2357 836 2439 solos,
866 2359 926 2447 qui
958 2357 1267 2448 praevaricarentur
1296 2357 1422 2449 legem,

380 2474 485 2542 morti
512 2473 686 2552 traderet;
711 2473 876 2542 intercisa
899 2482 952 2541 est
978 2494 1082 2551 mors,
1101 2496 1146 2541 ne
1171 2495 1276 2563 super
1301 2496 1423 2543 omnes

380 2598 561 2681 regnaret3
588 2588 757 2681 regnabat
775 2589 868 2657 enim
893 2610 998 2678 super
1022 2596 1224 2678 peccatores
1250 2587 1353 2669 solos,
1372 2590 1423 2657 di·

379 2713 484 2773 cente
501 2705 566 2774 sibi
584 2704 673 2794 lege,
691 2711 750 2772 ³oe
770 2702 953 2798 coatiperis
973 2699 1043 2780 los,
1063 2703 1122 2792 qui
1149 2724 1229 2770 mea
1245 2714 1423 2794 praecepta

378 2819 592 2887 custodiunt.
645 2816 763 2909 Hujus
786 2840 870 2908 ergo
893 2817 991 2885 verbi
1016 2816 1251 2884 ministerium
1278 2814 1422 2907 Moyses

379 2930 507 2999 detulit
534 2932 651 3011 morti,
683 2929 834 3021 reliquos
864 2953 986 2999 omnes
1015 2931 1301 3020 praevaricatores
1334 2927 1422 3022 legis

378 3043 555 3116 hinteritui
575 3047 733 3127 tradens3
757 3067 827 3115 non
846 3046 940 3113 enim
959 3066 1021 3135 pro
1039 3067 1092 3123 eo,
1107 3052 1148 3112 ut
1165 3045 1308 3113 omnino
1325 3067 1420 3113 mors

378 3160 475 3230 nulla
492 3185 537 3230 ex
555 3171 654 3253 parte
672 3168 845 3253 regnaret,
864 3158 1008 3251 Moyses
1025 3159 1179 3240 advenit,
1196 3181 1277 3228 cum
1297 3162 1421 3251 utique

377 3276 518 3367 plurimi
536 3277 643 3345 etiam
669 3284 749 3367 post
768 3274 920 3366 Moysen
942 3274 1008 3343 sub
1025 3275 1147 3343 mortis
1165 3274 1299 3342 ditione
1322 3282 1420 3343 tene-

377 3400 508 3460 rentur.
561 3390 620 3458 Ex
647 3390 714 3459 hoc
736 3389 964 3457 crinisteriom
983 3389 1103 3458 nrortis
1120 3388 1336 3478 appellatum
1354 3396 1418 3468 est,

377 3500 557 3595 iquoniam
583 3503 647 3573 soli
673 3512 943 3597 transgressores
969 3501 1057 3595 legis
1082 3501 1326 3593 puniebantur,
1348 3523 1418 3569 non

416 3717 432 3760 ¹¹
455 3720 489 3775 ln
510 3719 657 3777 Casinensi
683 3718 788 3785 codice,
811 3719 904 3773 interit
929 3726 958 3773 at
981 3717 1099 3779 trudens,
1123 3714 1289 3771 manifestus
1313 3714 1418 3770 librarii

376 3834 464 3872 error.

415 3908 423 3951 ί
446 3910 522 3967 Scite
543 3912 677 3967 adversar
698 3910 883 3973 Manichacus,
898 3917 929 3964 ut
949 3907 1070 3970 videtur,
1084 3905 1131 3962 Jo.
1148 3906 1370 3979 chrysostomus
1388 3905 1418 3959 in

375 4006 450 4062 hunc
460 4007 579 4063 D.Panli
592 4007 684 4063 locum
698 4005 824 4063 Homilia
836 4019 862 4077 7.
878 4004 935 4060 Per
945 4005 1042 4059 mortis
1051 4012 1138 4059 autem
1148 4003 1323 4058 ministerium
1335 4001 1418 4074 kyon

375 4103 512 4177 intelliyit.
548 4106 633 4178 Atque
654 4105 760 4159 interim
784 4103 852 4165 vide,
876 4119 954 4175 qaam
976 4100 1066 4155 sedulo
1091 4100 1118 4154 ia
1140 4100 1194 4155 ista
1220 4097 1418 4171 cornpcratione

375 4208 475 4264 count,
501 4219 534 4256 ne
558 4201 640 4256 ullum
663 4200 796 4255 heresias
817 4217 911 4254 oasam
937 4197 1063 4270 prebeat.
1105 4196 1169 4251 Noa
1194 4197 1262 4250 enim
1281 4195 1350 4250 dicii
1375 4194 1418 4248 les

375 4305 485 4352 mortem
498 4298 587 4371 efficd,
603 4298 651 4351 sed
668 4297 763 4351 mortis
776 4296 939 4350 ministratio
954 4304 1003 4350 est.
1047 4293 1167 4348 Mortem
1188 4293 1256 4347 enim
1277 4292 1416 4346 ministra·

497 4488 504 4510 ¹
523 4483 745 4558 [corrigendum
760 4443 871 4556 dudae]
1013 4487 1020 4509 ¹
1039 4480 1117 4553 [For.
1133 4478 1288 4548 transiens]

798 4587 806 4615 ³
822 4580 867 4635 Ps.
883 4598 925 4634 cv.
944 4593 986 4651 15.

419 4694 486 4737 VOL.
499 4696 525 4736 V.
913 4694 933 4737 Q
