3817 5692
629 703 693 766 DE
717 699 1101 765 REBAPTISMATE
1125 699 1282 763 LIBER.
1413 702 1479 768 289

479 877 568 960 Quae
586 878 631 947 de
651 876 757 969 hujus
775 876 953 967 Anonymi
975 874 1153 966 scriptoris
1176 882 1281 943 aetate
1308 873 1479 945 hactenus

429 994 615 1063 edisseruit
633 991 681 1062 V.
701 992 741 1062 C.
765 990 982 1061 Prudentius
1006 990 1178 1060 Maranus
1196 988 1273 1059 Vit.
1299 989 1336 1059 S.
1357 989 1480 1081 Cypri-

428 1111 503 1180 anis
515 1132 545 1181 c.
557 1115 616 1180 35.
632 1132 664 1201 p.
674 1110 791 1179 cxxvi.
806 1108 883 1178 aliis
895 1130 1036 1199 quoque
1050 1106 1210 1177 doctrina
1223 1115 1261 1176 et
1278 1105 1479 1176 eruditione

427 1225 674 1318 prestantibus
693 1223 907 1317 jampridem
934 1224 1084 1315 probata
1100 1229 1306 1291 noscuntur.
1356 1220 1480 1313 Rigal-

427 1342 498 1411 tius
531 1342 592 1432 qui
622 1341 756 1432 primus
785 1341 879 1410 inter
907 1347 1010 1409 notas
1040 1340 1083 1408 sd
1113 1360 1220 1438 opera
1247 1335 1286 1407 S.
1312 1335 1479 1429 Cypriani

427 1453 522 1524 huno
547 1463 739 1525 tractatum
763 1454 885 1535 edidit,
903 1475 988 1523 usus
1011 1452 1212 1545 apographo
1231 1451 1478 1523 Sirmondiano

429 1590 475 1637 ex
505 1569 617 1638 veteri
652 1567 774 1638 codice
803 1567 1007 1637 monasterii
1040 1567 1076 1637 S.
1108 1565 1265 1658 Remigii
1301 1561 1477 1657 descripto

429 1683 568 1752 censuit
585 1683 739 1752 auctoris
756 1704 833 1753 esse
853 1683 899 1752 ab
916 1705 992 1751 aevo
1010 1681 1176 1774 Cypriani
1200 1701 1323 1771 parum
1348 1680 1479 1749 distan-

428 1798 484 1867 tis.
541 1796 738 1890 Rigaltium
773 1807 916 1868 secutus
950 1806 1005 1867 est
1040 1795 1327 1888 Cyprianicorum
1363 1795 1479 1865 editor

429 1910 651 1995 Oxoniensis,
678 1912 817 1985 Caseus
844 1914 933 1983 item
961 1911 1134 2004 ejusmodi
1165 1911 1395 2002 questionem
1423 1932 1478 1980 se-

427 2027 498 2097 mel
516 2028 717 2120 iterumque
734 2030 927 2101 discutiens
946 2029 1074 2100 adduci
1092 2050 1162 2098 non
1180 2027 1300 2119 potuit
1317 2034 1359 2096 nt
1375 2025 1476 2096 alteri

427 2145 611 2214 sententiae
645 2145 821 2215 calculum
854 2145 1035 2237 adjiceret.
1096 2143 1168 2213 Sed
1202 2144 1329 2214 ceteris
1361 2142 1477 2212 multo

427 2261 541 2331 aerius
566 2283 642 2330 rem
668 2261 895 2354 investigasse
913 2260 1056 2330 videtur
1072 2258 1340 2343 Tillemontius;
1366 2256 1475 2327 Mem.

427 2384 515 2445 tom.
533 2377 577 2444 iv.
598 2399 630 2468 p.
651 2381 722 2447 las
742 2386 779 2447 et
797 2374 882 2446 622.
901 2385 976 2445 not.
996 2376 1132 2444 xxxvii.
1149 2398 1210 2446 sur
1226 2376 1265 2446 S.
1284 2375 1388 2468 Cypr.
1415 2375 1476 2466 qni

428 2512 471 2559 eo
501 2514 613 2583 usque
641 2493 785 2563 demum
812 2492 991 2583 processit,
1016 2500 1058 2560 ut
1087 2514 1158 2561 non
1188 2491 1302 2561 solum
1335 2491 1476 2562 vivente

428 2604 544 2675 adhuc
566 2607 741 2699 Cypriane
765 2607 826 2677 sed
849 2608 958 2677 etiam
982 2613 1105 2675 contra
1128 2607 1320 2697 ipsummet
1343 2607 1477 2697 episco-

427 2744 513 2813 pum
532 2721 860 2817 Carthaginiensem
878 2723 1046 2813 scriptum
1066 2744 1155 2813 opus
1172 2721 1347 2792 definiret.
1380 2721 1475 2804 Quo-

427 2860 506 2906 rum
525 2862 608 2931 ergo
626 2841 780 2909 virorum
804 2840 989 2910 doctorum
1007 2839 1144 2930 judicio
1169 2837 1322 2908 libenter
1341 2838 1478 2908 accedi·

428 2974 516 3023 mus.
570 2953 662 3025 Haec
680 2954 922 3025 Guntnunrus
939 2964 1123 3047 praeeunte
1142 2953 1303 3023 Marsno.

478 3065 551 3137 AD
577 3092 693 3139 meam
723 3071 936 3139 sententiam
966 3070 1060 3161 quod
1090 3071 1231 3151 attinet,
1257 3077 1390 3160 cogunt
1417 3090 1476 3138 me

429 3182 535 3252 verba
559 3184 668 3275 ipsius
693 3185 845 3255 auctoris
869 3208 891 3254 a
913 3184 1062 3255 Baluzio
1088 3194 1196 3276 atque
1219 3184 1362 3253 Oudiuo
1386 3183 1476 3252 indi·

428 3306 516 3381 cata,
544 3309 585 3369 ut
610 3300 856 3392 supersedeam
886 3301 1114 3393 argumentis,
1140 3323 1217 3392 quse
1242 3301 1476 3369 adnumerent

427 3414 521 3486 huno
548 3414 677 3486 librum
708 3418 750 3486 iis
779 3426 864 3487 ante
890 3417 1064 3510 synodum
1092 3415 1275 3486 Nicaenam
1301 3416 1476 3506 conscrip-

427 3531 483 3599 tis.
538 3529 590 3599 Ut
608 3533 727 3602 omnia
743 3534 851 3603 verba
868 3532 1086 3614 deseribsm3
1112 3529 1287 3624 Perpetem
1311 3527 1394 3599 utile
1415 3536 1475 3611 est,
1611 3529 1614 3534 ’

427 3647 543 3738 inquit
569 3659 702 3730 auctor,
729 3649 865 3719 medere
891 3657 922 3719 et
949 3656 998 3720 tot
1025 3670 1206 3726 oscorum,
1235 3653 1346 3740 totquc
1375 3643 1476 3717 ecclc-

427 3762 733 3857 scrutantemque
755 3762 983 3857 apostolorum
1010 3773 1043 3835 et
1067 3762 1300 3857 episcoporum
1325 3760 1475 3831 auctori-

428 3872 492 3942 tati
509 3897 584 3943 oum
605 3872 692 3945 bono
708 3876 843 3946 ratione
865 3876 1093 3970 adquiescere,
1110 3900 1186 3947 cum
1212 3877 1258 3946 sit
1284 3878 1474 3947 marimum

427 3988 677 4059 incommodum
699 3997 730 4059 et
751 3989 968 4084 dispendium
986 3993 1211 4063 sanctissinum
1231 4001 1358 4062 nostro
1374 3989 1475 4062 scole·

426 4104 490 4173 sire
519 4102 681 4175 odessus
699 4105 1004 4200 priscoconsuito,
1017 4117 1098 4202 post
1122 4115 1170 4179 iot
1190 4106 1378 4179 seculorum
1399 4117 1474 4178 ton-

427 4227 496 4289 tom
522 4221 654 4305 scrisis,
672 4245 763 4293 nunc
778 4223 935 4317 primum
952 4233 1088 4319 repente
1114 4249 1154 4296 ac
1177 4226 1252 4295 sinc
1268 4225 1403 4295 ratione
1420 4225 1474 4292 in-

427 4358 574 4433 serpere,
597 4361 671 4431 esp.
690 4343 724 4415 7.
777 4339 850 4411 Ubi
880 4364 951 4411 non
983 4350 1114 4414 tostum
1143 4340 1184 4411 ds
1212 4349 1259 4411 tot
1284 4338 1472 4411 soculorum

427 4452 514 4522 serie
531 4454 572 4524 fit
589 4456 736 4540 mentio,
747 4456 807 4527 sed
826 4459 935 4529 etiam
947 4458 1068 4552 prisco
1085 4458 1246 4528 consulta
1262 4457 1472 4535 indicantur,

427 4590 504 4659 quae
531 4569 695 4663 Cypriani
722 4574 875 4665 opinioni
904 4582 1012 4666 atque
1037 4573 1185 4643 decretis
1212 4573 1373 4664 opposita
1398 4572 1474 4643 fue·

470 4703 536 4744 vos.
553 4705 581 4746 v.
915 4708 969 4769 sp
