3817 5692
631 792 901 856 SYMBOLUM
926 792 1266 869 AQUILEIENSE.
1407 798 1472 860 333

427 964 572 1046 cifixus
600 964 678 1043 sub
706 963 857 1042 Pontio
885 963 1044 1056 Pilat0;
1074 978 1117 1046 et
1143 965 1349 1076 Sepultua
1371 967 1471 1051 ⁷De·
1516 959 1518 964 ¹

426 1108 586 1190 scendit
616 1107 669 1187 ad
701 1106 887 1198 inferna3
919 1106 1063 1188 Tertia
1091 1108 1159 1189 die
1190 1111 1415 1191 resurrexit
1447 1139 1471 1191 a

426 1253 628 1343 mortuis;
660 1249 858 1330 Ascendit
886 1251 940 1330 ad
967 1247 1104 1340 coelos,
1133 1251 1259 1333 Sedet
1289 1255 1342 1335 ad
1367 1256 1467 1335 dex-

427 1406 557 1475 teram
588 1393 733 1488 Patria,
759 1392 865 1473 Inde
891 1406 1092 1474 venturus
1116 1406 1179 1475 est
1202 1394 1390 1502 judicare
1411 1397 1471 1475 vi·

428 1563 497 1614 vos
516 1546 560 1615 et
579 1544 787 1614 mortuos:
819 1532 876 1614 Et
896 1535 940 1614 in
956 1535 1112 1643 Spiritu
1128 1536 1301 1617 Sancto:
1331 1538 1472 1618 ⁸Sano»

428 1757 587 1813 “tudinem
609 1756 733 1813 ecclesia
749 1754 940 1829 Aquileiensis
961 1757 1092 1823 retinere,
1108 1776 1191 1832 quam
1214 1758 1261 1832 qui
1283 1758 1473 1815 accusativum

427 1865 446 1887 ‘¹
462 1863 608 1928 usurpant.
633 1853 704 1911 Haec
713 1861 808 1910 autem
818 1852 945 1929 Symboli
954 1853 1157 1928 pronuntiandi
1165 1856 1238 1912 ratio
1249 1874 1306 1911 non
1315 1855 1427 1912 videtur
1438 1857 1473 1912 ab

429 1960 446 1980 ‘¹
462 1951 516 2007 bac
536 1950 657 2007 ecclesia
671 1949 778 2006 adscita
792 1949 852 2006 sine
866 1948 984 2005 consilio
1002 1948 1098 2014 firisse,
1114 1950 1165 2005 sed
1186 1956 1219 2006 ut
1232 1950 1318 2006 trium
1338 1969 1472 2026 persona·

427 2055 447 2077 “
462 2067 524 2104 rum
539 2047 705 2103 Divinarum
720 2046 821 2103 clarior
835 2054 910 2103 esset
927 2046 1072 2103 distinctio
1090 2048 1125 2103 ab
1144 2047 1268 2105 articulis
1282 2050 1474 2128 sequentibus,

429 2154 448 2176 “
464 2146 593 2203 Sanctam
606 2144 761 2201 Ecclesiam
775 2144 845 2201 &c.'’
889 2143 937 2200 Sic
951 2143 1044 2201 editor
1058 2144 1269 2202 Benedictinus.
1311 2146 1359 2213 Et,
1375 2166 1411 2203 ne
1433 2146 1473 2202 di-

427 2259 499 2307 cam,
514 2240 655 2297 interdum
678 2241 707 2296 in
722 2239 933 2297 Commentario
955 2259 1006 2296 suo
1028 2240 1068 2297 ita
1089 2240 1211 2298 scribere
1233 2240 1379 2306 Rufinum,
1395 2251 1428 2297 ut
1446 2242 1475 2297 in

429 2337 566 2412 Symbola
580 2338 718 2394 ablativos
732 2356 783 2412 pro
798 2337 964 2394 accusativis
981 2337 1122 2394 invenisse
1137 2338 1276 2404 videatur,
1291 2348 1403 2397 constat
1416 2340 1475 2398 fere

429 2454 528 2492 omnes
549 2435 577 2490 in
599 2434 717 2491 arficulo
738 2434 773 2490 de
792 2433 901 2508 Spiritu
916 2432 1032 2498 Sancte,
1048 2434 1096 2508 qui
1110 2435 1197 2492 finem
1211 2455 1309 2493 versus
1322 2437 1475 2494 Commen-

428 2532 492 2589 tarii
506 2532 616 2605 positus
630 2539 682 2596 est,
698 2532 726 2587 in
741 2531 849 2605 Spiritu
861 2530 962 2586 itinero
976 2539 1120 2604 praestare.
1163 2532 1198 2587 In
1213 2532 1310 2589 codice
1324 2532 1475 2606 Magdale·

428 2629 510 2685 nensi
523 2627 664 2703 prioribus
678 2627 749 2684 locis
763 2644 844 2683 casus
858 2626 996 2684 ablativus
1010 2635 1148 2696 servatur,
1159 2628 1209 2684 sed
1221 2629 1277 2685 fine
1291 2629 1407 2685 mutilus
1421 2636 1475 2684 est.

429 2726 538 2780 Contra
559 2724 588 2779 in
606 2723 704 2779 codice
722 2723 878 2779 Bodleiano
899 2722 943 2779 his
968 2723 1081 2797 quidem
1102 2723 1183 2788 locis,
1201 2724 1318 2799 perinde
1339 2731 1424 2798 atque
1446 2724 1477 2779 in

429 2822 554 2897 principe
566 2821 700 2890 editione,
712 2838 774 2895 quae
785 2817 891 2875 Oxoaii
906 2838 981 2876 anno
997 2820 1082 2890 1468,
1093 2821 1136 2877 vel
1148 2820 1248 2877 saltem
1263 2821 1350 2897 1478,
1362 2820 1475 2895 prodiit,

429 2919 582 2977 accusativi
597 2926 743 2994 apparent.

470 3015 563 3073 ⁶Jesu
582 3016 710 3088 Christo]
733 3015 779 3071 Sic
800 3014 843 3070 bis
866 3014 991 3078 effertur,
1013 3014 1101 3071 semel
1126 3021 1247 3079 tantum,
1271 3013 1380 3070 Christo
1398 3013 1475 3071 Jeau.

431 3113 566 3170 Similiter
579 3113 607 3168 in
624 3111 753 3187 Symboli
767 3111 890 3167 Romani
904 3110 1042 3185 exemplis
1055 3110 1187 3167 variatur.

471 3204 649 3267 'Descendit
670 3210 705 3265 ad
726 3208 850 3281 inferna]
871 3208 922 3264 Ait
943 3208 1080 3264 Rufinus:
1105 3207 1249 3265 Sciendum
1265 3227 1331 3264 rane
1344 3216 1394 3273 est,
1409 3208 1480 3282 qnod

431 3312 458 3365 in
479 3309 597 3366 ecclesie
616 3307 745 3364 Romame
765 3306 892 3381 Symbola
916 3324 968 3362 non
991 3305 1103 3362 labetur
1124 3305 1254 3369 additam,
1270 3305 1418 3361 Descendit
1443 3305 1480 3359 ad

431 3408 557 3481 inferna;
578 3407 626 3462 sed
648 3424 730 3481 neque
750 3404 778 3459 in
802 3402 924 3460 Orientis
946 3402 1068 3459 ecclesiia
1087 3402 1200 3459 labetur
1219 3402 1263 3459 liic
1285 3420 1382 3458 semna.
1430 3401 1479 3457 Vir

432 3514 520 3561 tamen
533 3503 609 3559 verbi
624 3504 713 3558 eadem
727 3520 785 3557 ease
799 3501 905 3558 videtnr
918 3501 946 3556 in
965 3516 995 3555 eo
1013 3499 1083 3574 qnod
1097 3498 1229 3574 Sepultus
1242 3498 1350 3555 dicitnr.
1365 3517 1394 3572 p.
1411 3514 1478 3574 179.

430 3624 458 3677 p.
473 3619 522 3660 22.
538 3601 581 3657 ed.
598 3600 666 3657 Fell.

472 3700 482 3728 ⁸
504 3698 639 3755 Sanctam
652 3696 824 3770 Ecclesiam]
850 3695 982 3751 Proxime
996 3702 1062 3768 post
1075 3693 1169 3768 pergit
1183 3693 1333 3750 ostendere
1348 3692 1478 3754 Rufinus,

433 3812 520 3868 quare
542 3793 706 3867 praepositio
731 3797 759 3848 in
781 3792 857 3847 haud
881 3790 978 3847 addita
1001 3790 1046 3846 his
1075 3788 1203 3863 Symboli
1231 3787 1357 3845 articulis
1384 3788 1478 3845 fuerit

434 3889 490 3945 Hic
502 3908 568 3945 vero
579 3908 678 3968 vocem
693 3888 861 3953 catholicam,
874 3906 936 3961 quae
946 3894 1012 3961 post
1023 3886 1176 3942 Ecclesiam
1191 3886 1219 3940 in
1231 3884 1328 3941 Rufini
1341 3885 1480 3941 editiones

434 3986 594 4059 irrepserat,
608 3992 686 4040 recte
710 3983 806 4040 omisit
825 3983 918 4039 editor
931 3982 1143 4044 Benedictinus,
1165 3980 1219 4037 hac
1238 3988 1307 4036 nota
1327 3980 1479 4055 adscripta,

435 4089 454 4114 “
471 4081 610 4139 Pamelius
629 4079 707 4137 addit
724 4079 882 4137 catholicam
901 4097 937 4135 ex
957 4078 1078 4134 Froben.
1093 4086 1122 4135 et
1135 4084 1194 4134 vet.
1210 4076 1277 4134 edit.
1294 4076 1414 4133 Hieron.
1430 4077 1481 4133 sed

435 4191 453 4211 ⁴‘
469 4181 549 4238 deest
558 4180 605 4237 illa
612 4177 707 4235 voxin
716 4177 777 4235 aliis
785 4177 867 4234 codd.
877 4177 960 4234 editis
969 4174 1095 4234 etMSS.
1104 4194 1157 4232 nec
1166 4174 1303 4232 aRufiino
1313 4174 1479 4247 explicatur,

436 4288 454 4310 ‘⁴
471 4288 501 4335 ut
515 4280 574 4354 ipse
588 4277 693 4335 fatetur
706 4275 874 4334 Pamelius.”
907 4275 953 4331 Sic
966 4274 1022 4341 ille,
1034 4291 1125 4347 neque
1139 4280 1217 4329 extat
1226 4290 1284 4328 vox
1298 4270 1346 4327 illa
1359 4271 1389 4326 in
1402 4270 1479 4344 prin·

435 4377 496 4451 cipe
509 4377 643 4442 editione,
656 4376 691 4432 de
706 4394 761 4451 qua
775 4393 859 4449 supra
873 4374 941 4443 dixi,
953 4373 1008 4430 etsi
1021 4372 1051 4428 in
1066 4372 1171 4446 scripto
1182 4369 1339 4427 Bodleiano
1353 4377 1479 4445 apparet.

436 4474 579 4533 Caeterum
602 4474 686 4550 paulo
709 4483 774 4530 ante
796 4473 872 4529 hunc
894 4480 923 4529 et
947 4470 1154 4548 precedentem
1174 4467 1337 4525 Articulum
1358 4467 1387 4523 in
1409 4467 1481 4524 istac

436 4572 560 4629 editione
577 4571 672 4628 Rufini
691 4570 841 4628 Parisiensi
854 4589 883 4644 p.
901 4570 968 4643 187.
991 4567 1114 4643 positum
1137 4573 1181 4623 est
1204 4564 1291 4631 istud,
1306 4564 1385 4623 Sicut
1405 4573 1431 4621 et
1452 4565 1481 4621 in

438 4668 563 4744 malou
576 4669 685 4726 dicitnr.
726 4667 769 4724 Et
783 4686 865 4743 reyno
878 4668 936 4739 ejas
949 4684 1002 4722 non
1015 4665 1152 4739 eritfinia.
1195 4661 1254 4731 Qui
1267 4661 1381 4736 quidem
1395 4659 1479 4737 Sym·

435 4765 493 4823 boli
507 4764 817 4840 constantinopolitani
837 4763 972 4823 articulus
990 4771 1043 4821 est.
1086 4760 1145 4819 Sed
1158 4779 1226 4819 vero
1246 4759 1347 4818 melius
1367 4759 1480 4835 legitur,
