3817 5692
495 687 538 753 62
727 687 979 751 ARCHELAI
1004 688 1068 749 ET
1093 687 1314 751 MANETIS

551 866 599 940 X.
631 862 719 961 Περὶ
739 858 777 938 δὲ
796 868 859 938 τοῦ
880 861 1120 961 Παραδείσου,
1140 878 1156 913 ⁶
1167 858 1205 942 ὃς
1223 867 1382 938 καλεῖται
1400 860 1548 959 κόσμος.

495 988 574 1066 ἔστι
603 985 641 1064 δὲ
673 985 720 1064 τὰ
746 985 843 1091 φυτὰ
872 984 919 1063 τὰ
947 988 985 1064 ἐν
1014 987 1120 1092 αὐτῷ,
1145 986 1322 1083 ἐπιθυμία,
1350 990 1408 1065 καὶ
1435 987 1549 1066 ἅλλαι

495 1112 638 1208 ἀπάται,
653 1114 925 1219 διαφθείρουσαι
942 1109 1024 1194 τοὺς
1043 1111 1243 1213 λογισμοὺς
1259 1118 1331 1191 τῶν
1348 1114 1548 1215 ἀνθρώπων

494 1241 644 1318 ἐκεῖνον.
686 1238 727 1319 τὸ
756 1238 793 1318 δὲ
820 1241 858 1317 ἐν
882 1240 1099 1346 Παραδείσιρ
1128 1237 1254 1345 φυτὸν,
1274 1238 1318 1345 ἐξ
1343 1238 1385 1318 οὗ
1412 1242 1544 1342 γνωρί-

495 1364 596 1466 ζουσι
628 1362 670 1444 τὸ
702 1362 825 1461 καλὸν,
859 1362 945 1443 αὑτό
983 1367 1061 1444 ἐστι
1095 1368 1115 1444 ὁ
1145 1367 1298 1465 Ἰησοῦς,
1331 1368 1376 1465 ’ἡ
1413 1374 1549 1469 γνῶσις

495 1493 613 1587 αὐτοῦ,
630 1491 652 1588 ἡ
671 1493 708 1569 ἐν
727 1496 777 1596 τῷ
798 1490 937 1597 κόσμῳ.
980 1492 1000 1568 ὁ
1025 1489 1063 1569 δὲ
1089 1490 1299 1590 λαμβάνων,
1320 1493 1487 1593 διακρίνει
1505 1490 1547 1571 τὸ

494 1614 619 1710 καλὸν,
638 1618 697 1693 καὶ
715 1613 757 1694 τὸ
775 1614 942 1717 πονηρόν.
985 1619 1005 1694 ὁ
1023 1618 1089 1715 μέν
1107 1651 1162 1698 τοι
1180 1617 1328 1715 κόσμος,
1348 1618 1420 1696 οὐδ’
1442 1616 1547 1701 αὐτάς

494 1743 573 1819 ἐστι
591 1749 654 1820 τοῦ
673 1746 779 1839 Θεοῦ,
798 1744 883 1820 ἀλλ’
900 1739 923 1839 ἢ
943 1740 1015 1822 ἀπὸ
1033 1743 1160 1845 μέρους
1178 1748 1241 1841 τῆς
1261 1746 1349 1842 ὕλης
1367 1743 1547 1844 ἐπλάσθη,

494 1867 553 1943 καὶ
581 1864 640 1944 διὰ
666 1873 771 1945 τοῦτο
799 1866 918 1946 πάντα
945 1867 1162 1970 didacidem.
1204 1866 1284 1946 ὅδὲ
1303 1867 1492 1967 ἐσύλησαν
1514 1875 1547 1947 οἱ

487 1989 687 2096 Ἄρχοντες
715 1992 787 2072 ἀπὸ
816 2001 879 2072 τοῦ
906 1993 1050 2095 πρώτου
1078 1992 1279 2094 ἀνθρώπου,
1298 1990 1385 2072 αὐτό
1407 1996 1486 2071 ἐστι
1505 1991 1547 2072 τὸ

539 2201 585 2263 Χ.
602 2199 775 2263 Paradisua
790 2207 907 2277 autem,
920 2200 994 2284 equi
1044 2201 1182 2276 mnndo;
1209 2223 1305 2285 quam
1336 2202 1389 2285 qui
1419 2223 1548 2285 aecepe-

494 2293 626 2349 vocatur
641 2286 788 2362 mundus,
804 2293 838 2349 et
852 2286 993 2360 arbores,
1045 2286 1099 2359 rit,
1116 2287 1267 2350 discernit
1281 2288 1399 2350 bonum
1414 2310 1435 2351 a
1450 2288 1544 2350 malo.

495 2393 566 2455 quae
593 2371 624 2433 in
648 2370 716 2455 ipso
740 2378 824 2448 sunt,
848 2370 994 2455 concupi·
1047 2372 1189 2436 Mundus
1203 2380 1312 2436 autem
1334 2394 1392 2435 nec
1414 2373 1481 2458 ipse
1497 2379 1546 2435 est

494 2456 623 2521 scentiae
645 2465 729 2533 sunt,
746 2463 779 2519 et
802 2463 926 2520 caeterae
947 2478 994 2519 se·
1045 2456 1118 2533 Dei,
1133 2458 1187 2520 sed
1205 2457 1266 2521 haa
1289 2465 1381 2556 parte
1402 2458 1546 2521 materiae

401 2546 404 2551 ’
494 2543 659 2606 ductiones
673 2550 909 2626 corrumpentes
925 2542 991 2605 sco·
1043 2542 1230 2626 plasmatus,
1245 2551 1279 2607 et
1292 2544 1363 2606 ideo
1373 2544 1478 2607 omnia
1492 2566 1547 2606 ex·

493 2627 666 2713 gitationes
702 2627 874 2692 hominum.
933 2627 995 2691 Illa
1044 2628 1267 2692 terminantur.
1316 2629 1408 2709 Quod
1437 2636 1546 2693 autem

494 2722 602 2778 antem
617 2714 723 2786 arbor,
737 2736 807 2797 quae
823 2720 872 2777 est
887 2713 919 2775 in
932 2712 996 2776 Pa·
1044 2713 1142 2777 furati
1153 2721 1229 2777 sunt
1239 2714 1403 2799 Principes
1414 2736 1434 2778 a
1444 2715 1546 2799 primo

444 2794 449 2803 '
494 2799 611 2875 radico,
641 2821 681 2861 ex
717 2821 781 2882 qua
813 2799 995 2883 agnoscitur
1044 2799 1180 2876 homine,
1197 2800 1299 2884 ipsum
1314 2808 1375 2875 est,
1391 2801 1475 2884 quod
1490 2800 1545 2863 ad-

493 2884 623 2960 bonum,
653 2885 719 2968 ipse
748 2891 798 2948 est
823 2883 928 2960 desua
960 2891 994 2948 et
1044 2884 1154 2969 implet
1168 2885 1285 2961 lunam,
1303 2887 1387 2969 quod
1403 2886 1545 2970 quotidie

494 2969 647 3034 ⁸scientia
672 2969 763 3047 illius,
791 2992 862 3053 quae
888 2970 994 3033 estin
1045 2979 1201 3055 purgatur
1225 2994 1246 3035 a
1271 2974 1413 3035 mundo:
1446 2974 1496 3035 iet
1519 2970 1546 3035 si

495 3176 563 3228 rari.
600 3171 659 3229 Sed
672 3172 803 3229 mutilum
817 3174 893 3229 hunc
906 3174 1001 3230 locum
1016 3191 1078 3230 esse
1092 3181 1173 3247 patet
1186 3192 1222 3230 ex
1237 3173 1408 3250 Epiphanio,
1419 3173 1467 3247 qni
1481 3190 1545 3228 cum

495 3270 592 3327 Casia.
608 3269 672 3325 eod.
689 3270 852 3326 concordat.
895 3270 961 3326 Nisi
976 3269 1051 3344 qnod
1066 3269 1152 3326 hebet
1166 3270 1351 3344 Epiphanius,
1366 3270 1414 3325 aed
1427 3269 1546 3325 materia

420 3411 423 3416 .
494 3375 544 3432 est,
559 3368 697 3442 ipsumque
710 3386 808 3441 οονριις
822 3367 974 3423 obscuritas
988 3375 1038 3422 ecl.

535 3475 549 3506 θ
571 3462 648 3519 Hinc
668 3471 747 3537 petet
768 3464 842 3538 apud
857 3464 1047 3538 Epiphanium
1069 3464 1126 3538 legi
1149 3462 1252 3520 debere
1269 3463 1297 3520 tr
1311 3466 1425 3518 καλεῖται
1439 3466 1545 3534 κόσμος.

494 3579 552 3617 non
567 3568 670 3627 autem,
686 3563 717 3616 οὗ
730 3566 844 3616 καλεῖται
858 3564 963 3632 κόσμος,

534 3656 666 3715 ¹Codex
693 3659 851 3722 Bobiensis,
878 3660 1073 3734 capitationem.
1115 3658 1291 3733 Epiphanius
1318 3658 1413 3726 habet,
1443 3659 1545 3733 copita-

494 3755 579 3811 tiones
592 3755 724 3812 Ιιουιίαυυι
736 3756 854 3812 illorum.
898 3756 989 3811 Arbor
1003 3764 1100 3811 autem.
1144 3754 1202 3812 Sed
1222 3755 1321 3812 melior
1335 3756 1447 3813 videtur
1464 3755 1544 3812 latini

493 3852 656 3927 interpretis
669 3852 762 3909 lectio.

535 3960 552 4003 ε
573 3950 673 4007 Codex
694 3949 853 4014 Bobiensis,
867 3958 894 4005 et
914 3950 1027 4005 ςοίοαιίο
1048 3949 1114 4020 ejus.
1157 3948 1342 4023 Epiphanius,
1356 3955 1455 4021 γνῶσις
1479 3967 1542 4023 ιορ-

494 4048 570 4110 nitio,
585 4048 630 4104 vel
645 4048 730 4104 etiem
743 4049 865 4103 scientia.
909 4047 985 4103 Hinc
1007 4055 1102 4103 autem
1121 4054 1200 4121 patet
1221 4048 1374 4121 legendum
1394 4065 1456 4103 esse
1470 4045 1544 4120 apud

494 4144 625 4209 eundem,
641 4147 682 4199 καὶ
696 4146 710 4214 ἡ
725 4150 823 4217 γνῶσις
836 4147 924 4199 αὐτοῦ.
946 4145 1052 4219 &usque
1066 4145 1191 4219 aequitio.

535 4238 551 4281 ¹¹
573 4240 618 4297 lta
631 4242 707 4314 apud
721 4241 920 4315 Epiphaniam,
936 4250 966 4296 et
980 4241 1007 4296 iu
1024 4240 1130 4297 Codice
1145 4240 1289 4297 Bobiensi.
1316 4240 1356 4295 At
1371 4237 1542 4301 casinensis,

493 4357 527 4394 ea
540 4339 662 4394 materia.

535 4435 541 4472 ἱ
564 4435 664 4492 Codex
679 4435 837 4498 Bobiensis‚
853 4445 878 4491 et
892 4436 917 4491 ai
931 4436 1037 4498 exierit,
1053 4436 1218 4509 animumque
1234 4453 1284 4490 αοα
1304 4435 1457 4508 eopaoverit
1471 4432 1542 4487 ueri·

494 4533 694 4596 rectractetur.
738 4530 795 4587 Sed
818 4531 922 4587 codicis
944 4531 1108 4588 Casinensis
1130 4532 1280 4588 lectionem
1303 4532 1397 4587 firmat
1418 4529 1541 4604 Epipha-

494 4646 566 4685 naus.
