<?xml version="1.0" encoding="UTF-8"?>
<!DOCTYPE html PUBLIC "-//W3C//DTD XHTML 1.0 Transitional//EN"
    "http://www.w3.org/TR/xhtml1/DTD/xhtml1-transitional.dtd">
<html xmlns="http://www.w3.org/1999/xhtml" xml:lang="en" lang="en">
 <head>
  <title>
</title>
<meta http-equiv="Content-Type" content="text/html;charset=utf-8" />
  <meta name='ocr-system' content='tesseract 3.04.00' />
  <meta name='ocr-capabilities' content='ocr_page ocr_carea ocr_par ocr_line ocrx_word'/>
</head>
<body>
  <div class='ocr_page' id='page_1' title='image "./reliquiaesacrae02routgoog_0217.png"; bbox 0 0 3817 5692; ppageno 0'>
   <div class='ocr_carea' id='block_1_1' title="bbox 751 684 1431 753">
    <p class='ocr_par' dir='ltr' id='par_1_1' title="bbox 751 684 1431 753">
     <span class='ocr_line' id='line_1_1' title="bbox 751 684 1431 753; baseline -0.007 -1"><span class='ocrx_word' id='word_1_1' title='bbox 751 684 1061 753; x_wconf 82' lang='lat' dir='ltr'>DISPUTATIO.</span> <span class='ocrx_word' id='word_1_2' title='bbox 1366 686 1431 748; x_wconf 73' lang='lat'>203</span> 
     </span>
    </p>
   </div>
   <div class='ocr_carea' id='block_1_2' title="bbox 384 855 1432 1087">
    <p class='ocr_par' dir='ltr' id='par_1_2' title="bbox 384 855 1432 1087">
     <span class='ocr_line' id='line_1_2' title="bbox 384 855 1428 964; baseline -0.005 -26"><span class='ocrx_word' id='word_1_3' title='bbox 384 863 457 939; x_wconf 83' lang='grc' dir='ltr'>ἐκεῖ</span> <span class='ocrx_word' id='word_1_4' title='bbox 479 864 537 939; x_wconf 82' lang='grc' dir='ltr'>καὶ</span> <span class='ocrx_word' id='word_1_5' title='bbox 555 859 673 963; x_wconf 82' lang='grc' dir='ltr'>ἀποχὴ</span> <span class='ocrx_word' id='word_1_6' title='bbox 695 864 781 958; x_wconf 66' lang='lat' dir='ltr'>”nis</span> <span class='ocrx_word' id='word_1_7' title='bbox 809 859 962 963; x_wconf 82' lang='grc' dir='ltr'>χάριτος.</span> <span class='ocrx_word' id='word_1_8' title='bbox 1010 863 1061 964; x_wconf 78' lang='grc' dir='ltr'>τῷ</span> <span class='ocrx_word' id='word_1_9' title='bbox 1083 855 1154 958; x_wconf 82' lang='grc' dir='ltr'>γὰρ</span> <span class='ocrx_word' id='word_1_10' title='bbox 1181 858 1297 960; x_wconf 83' lang='grc' dir='ltr'>ἔχοντι</span> <span class='ocrx_word' id='word_1_11' title='bbox 1323 856 1428 953; x_wconf 87' lang='grc' dir='ltr'>δοθή-</span> 
     </span>
     <span class='ocr_line' id='line_1_3' title="bbox 384 980 1432 1087; baseline -0.008 -23"><span class='ocrx_word' id='word_1_12' title='bbox 384 1014 499 1064; x_wconf 82' lang='grc' dir='ltr'>σεται·</span> <span class='ocrx_word' id='word_1_13' title='bbox 534 983 605 1064; x_wconf 83' lang='grc' dir='ltr'>ἀπῦ</span> <span class='ocrx_word' id='word_1_14' title='bbox 638 984 676 1063; x_wconf 79' lang='grc' dir='ltr'>δὲ</span> <span class='ocrx_word' id='word_1_15' title='bbox 708 992 772 1063; x_wconf 93' lang='grc' dir='ltr'>τοῦ</span> <span class='ocrx_word' id='word_1_16' title='bbox 802 982 852 1081; x_wconf 81' lang='grc' dir='ltr'>μή</span> <span class='ocrx_word' id='word_1_17' title='bbox 885 983 1038 1087; x_wconf 79' lang='grc' dir='ltr'>ἔχοντος,</span> <span class='ocrx_word' id='word_1_18' title='bbox 1070 984 1129 1060; x_wconf 79' lang='grc' dir='ltr'>καὶ</span> <span class='ocrx_word' id='word_1_19' title='bbox 1161 980 1181 1059; x_wconf 80' lang='grc' dir='ltr'><strong><em>ὃ</em></strong></span> <span class='ocrx_word' id='word_1_20' title='bbox 1213 984 1310 1059; x_wconf 86' lang='grc' dir='ltr'>δοκεῖ</span> <span class='ocrx_word' id='word_1_21' title='bbox 1341 981 1432 1083; x_wconf 81' lang='grc' dir='ltr'>ἔχειν</span> 
     </span>
    </p>
   </div>
   <div class='ocr_carea' id='block_1_3' title="bbox 384 1110 1452 2596">
    <p class='ocr_par' dir='ltr' id='par_1_3' title="bbox 384 1110 590 1213">
     <span class='ocr_line' id='line_1_4' title="bbox 384 1110 590 1213; baseline 0.01 -24"><span class='ocrx_word' id='word_1_22' title='bbox 384 1110 590 1213; x_wconf 78' lang='grc' dir='ltr'>ἀρθήσεται.</span> 
     </span>
    </p>

    <p class='ocr_par' dir='ltr' id='par_1_4' title="bbox 384 1231 1452 2596">
     <span class='ocr_line' id='line_1_5' title="bbox 441 1231 1432 1338; baseline -0.007 -24"><span class='ocrx_word' id='word_1_23' title='bbox 441 1241 510 1315; x_wconf 89' lang='lat' dir='ltr'><strong>Ill.</strong></span> <span class='ocrx_word' id='word_1_24' title='bbox 543 1241 587 1314; x_wconf 82' lang='lat' dir='ltr'>Ei</span> <span class='ocrx_word' id='word_1_25' title='bbox 615 1236 675 1314; x_wconf 65' lang='grc' dir='ltr'>1”δέ</span> <span class='ocrx_word' id='word_1_26' title='bbox 704 1240 765 1331; x_wconf 81' lang='grc' dir='ltr'>δεῖ,</span> <span class='ocrx_word' id='word_1_27' title='bbox 794 1237 852 1314; x_wconf 80' lang='grc' dir='ltr'>καὶ</span> <span class='ocrx_word' id='word_1_28' title='bbox 881 1231 929 1316; x_wconf 74' lang='grc' dir='ltr'>ὥς</span> <span class='ocrx_word' id='word_1_29' title='bbox 959 1266 1051 1315; x_wconf 77' lang='grc' dir='ltr'>τινες</span> <span class='ocrx_word' id='word_1_30' title='bbox 1079 1231 1299 1338; x_wconf 74' lang='grc' dir='ltr'>ἐξηγοῦνται,</span> <span class='ocrx_word' id='word_1_31' title='bbox 1327 1237 1432 1308; x_wconf 88' lang='grc' dir='ltr'>τοῦτο</span> 
     </span>
     <span class='ocr_line' id='line_1_6' title="bbox 384 1357 1434 1467; baseline -0.006 -27"><span class='ocrx_word' id='word_1_32' title='bbox 384 1368 502 1458; x_wconf 79' lang='grc' dir='ltr'>εἰπεῖν,</span> <span class='ocrx_word' id='word_1_33' title='bbox 530 1364 571 1440; x_wconf 86' lang='grc' dir='ltr'>οῦ</span> <span class='ocrx_word' id='word_1_34' title='bbox 600 1368 745 1467; x_wconf 92' lang='grc' dir='ltr'>φαῦλον</span> <span class='ocrx_word' id='word_1_35' title='bbox 780 1360 852 1462; x_wconf 81' lang='grc' dir='ltr'>γὰρ</span> <span class='ocrx_word' id='word_1_36' title='bbox 883 1357 925 1439; x_wconf 83' lang='grc' dir='ltr'>τῦ</span> <span class='ocrx_word' id='word_1_37' title='bbox 956 1362 1065 1460; x_wconf 80' lang='grc' dir='ltr'>ῥῆμα·</span> <span class='ocrx_word' id='word_1_38' title='bbox 1095 1366 1125 1437; x_wconf 85' lang='grc' dir='ltr'>εὶ</span> <span class='ocrx_word' id='word_1_39' title='bbox 1156 1363 1213 1437; x_wconf 77' lang='grc' dir='ltr'>καὶ</span> <span class='ocrx_word' id='word_1_40' title='bbox 1241 1357 1434 1462; x_wconf 84' lang='grc' dir='ltr'>ε’τῦφλωσε</span> 
     </span>
     <span class='ocr_line' id='line_1_7' title="bbox 385 1483 1433 1590; baseline -0.005 -25"><span class='ocrx_word' id='word_1_41' title='bbox 385 1494 457 1567; x_wconf 84' lang='grc' dir='ltr'>τῶν</span> <span class='ocrx_word' id='word_1_42' title='bbox 475 1490 640 1567; x_wconf 84' lang='grc' dir='ltr'>ἀπίστων</span> <span class='ocrx_word' id='word_1_43' title='bbox 661 1487 708 1566; x_wconf 82' lang='grc' dir='ltr'>τὰ</span> <span class='ocrx_word' id='word_1_44' title='bbox 731 1486 900 1586; x_wconf 80' lang='grc' dir='ltr'>νοήματα,</span> <span class='ocrx_word' id='word_1_45' title='bbox 918 1489 977 1566; x_wconf 78' lang='grc' dir='ltr'>ἐπὶ</span> <span class='ocrx_word' id='word_1_46' title='bbox 1004 1491 1107 1590; x_wconf 75' lang='grc' dir='ltr'>καλῷ</span> <span class='ocrx_word' id='word_1_47' title='bbox 1134 1483 1357 1588; x_wconf 80' lang='grc' dir='ltr'>ἐτύφλωσεν,</span> <span class='ocrx_word' id='word_1_48' title='bbox 1374 1484 1433 1562; x_wconf 83' lang='grc' dir='ltr'>ἵνα</span> 
     </span>
     <span class='ocr_line' id='line_1_8' title="bbox 386 1607 1434 1718; baseline -0.005 -27"><span class='ocrx_word' id='word_1_49' title='bbox 386 1618 434 1695; x_wconf 75' lang='grc' dir='ltr'>εἰς</span> <span class='ocrx_word' id='word_1_50' title='bbox 458 1613 504 1692; x_wconf 83' lang='grc' dir='ltr'>τὰ</span> <span class='ocrx_word' id='word_1_51' title='bbox 521 1611 607 1715; x_wconf 81' lang='grc' dir='ltr'>ἅγια</span> <span class='ocrx_word' id='word_1_52' title='bbox 624 1613 897 1718; x_wconf 75' lang='grc' dir='ltr'>ἀναβλὲφωσιν.</span> <span class='ocrx_word' id='word_1_53' title='bbox 926 1610 1057 1713; x_wconf 83' lang='grc' dir='ltr'>οὐγὰρ</span> <span class='ocrx_word' id='word_1_54' title='bbox 1082 1607 1192 1690; x_wconf 83' lang='grc' dir='ltr'>εἶπεν·</span> <span class='ocrx_word' id='word_1_55' title='bbox 1221 1608 1434 1714; x_wconf 79' lang='grc' dir='ltr'>ἐτύφλωσεν</span> 
     </span>
     <span class='ocr_line' id='line_1_9' title="bbox 386 1735 1430 1844; baseline -0.004 -26"><span class='ocrx_word' id='word_1_56' title='bbox 386 1741 503 1819; x_wconf 81' lang='grc' dir='ltr'>αὐτῶν</span> <span class='ocrx_word' id='word_1_57' title='bbox 528 1739 595 1838; x_wconf 83' lang='grc' dir='ltr'>τὴν</span> <span class='ocrx_word' id='word_1_58' title='bbox 621 1738 756 1844; x_wconf 78' lang='grc' dir='ltr'>ψυχὴν,</span> <span class='ocrx_word' id='word_1_59' title='bbox 775 1737 875 1817; x_wconf 87' lang='grc' dir='ltr'>ἀλλά</span> <span class='ocrx_word' id='word_1_60' title='bbox 898 1736 945 1816; x_wconf 85' lang='grc' dir='ltr'>τά</span> <span class='ocrx_word' id='word_1_61' title='bbox 969 1735 1130 1836; x_wconf 82' lang='grc' dir='ltr'>νοήματα</span> <span class='ocrx_word' id='word_1_62' title='bbox 1155 1742 1227 1815; x_wconf 84' lang='grc' dir='ltr'>τῶν</span> <span class='ocrx_word' id='word_1_63' title='bbox 1255 1736 1430 1815; x_wconf 79' lang='grc' dir='ltr'>ἀπίστων.</span> 
     </span>
     <span class='ocr_line' id='line_1_10' title="bbox 386 1860 1429 1968; baseline -0.005 -24"><span class='ocrx_word' id='word_1_64' title='bbox 386 1863 427 1944; x_wconf 86' lang='grc' dir='ltr'>τῦ</span> <span class='ocrx_word' id='word_1_65' title='bbox 446 1863 484 1943; x_wconf 79' lang='grc' dir='ltr'>δὲ</span> <span class='ocrx_word' id='word_1_66' title='bbox 502 1862 705 1966; x_wconf 84' lang='grc' dir='ltr'>λεγόμενον,</span> <span class='ocrx_word' id='word_1_67' title='bbox 724 1863 884 1944; x_wconf 88' lang='grc' dir='ltr'>τοιοῦτόν</span> <span class='ocrx_word' id='word_1_68' title='bbox 912 1865 1003 1942; x_wconf 82' lang='grc' dir='ltr'>ἐστι·</span> <span class='ocrx_word' id='word_1_69' title='bbox 1034 1862 1235 1968; x_wconf 82' lang='grc' dir='ltr'>τῦφλωσον</span> <span class='ocrx_word' id='word_1_70' title='bbox 1252 1869 1316 1940; x_wconf 93' lang='grc' dir='ltr'>τοῦ</span> <span class='ocrx_word' id='word_1_71' title='bbox 1337 1860 1429 1963; x_wconf 86' lang='grc' dir='ltr'>πόρ-</span> 
     </span>
     <span class='ocr_line' id='line_1_11' title="bbox 386 1986 1432 2093; baseline 0.001 -24"><span class='ocrx_word' id='word_1_72' title='bbox 386 2024 449 2069; x_wconf 88' lang='grc' dir='ltr'>νον</span> <span class='ocrx_word' id='word_1_73' title='bbox 476 1989 523 2069; x_wconf 89' lang='grc' dir='ltr'>τά</span> <span class='ocrx_word' id='word_1_74' title='bbox 539 1989 691 2093; x_wconf 84' lang='grc' dir='ltr'>πορνικά</span> <span class='ocrx_word' id='word_1_75' title='bbox 709 1987 879 2089; x_wconf 79' lang='grc' dir='ltr'>νοήματα,</span> <span class='ocrx_word' id='word_1_76' title='bbox 899 1992 957 2068; x_wconf 83' lang='grc' dir='ltr'>καὶ</span> <span class='ocrx_word' id='word_1_77' title='bbox 975 1989 1164 2068; x_wconf 75' lang='grc' dir='ltr'>σέσωσται</span> <span class='ocrx_word' id='word_1_78' title='bbox 1190 1989 1210 2066; x_wconf 86' lang='grc' dir='ltr'><strong>ὁ</strong></span> <span class='ocrx_word' id='word_1_79' title='bbox 1234 1986 1432 2089; x_wconf 70' lang='grc' dir='ltr'>ἅνθρωπος·</span> 
     </span>
     <span class='ocr_line' id='line_1_12' title="bbox 385 2112 1433 2222; baseline -0.004 -26"><span class='ocrx_word' id='word_1_80' title='bbox 385 2117 584 2222; x_wconf 87' lang='grc' dir='ltr'>τῦφλωσον</span> <span class='ocrx_word' id='word_1_81' title='bbox 602 2126 666 2196; x_wconf 88' lang='grc' dir='ltr'>τοῦ</span> <span class='ocrx_word' id='word_1_82' title='bbox 690 2125 830 2221; x_wconf 81' lang='grc' dir='ltr'>λῃστοῦ</span> <span class='ocrx_word' id='word_1_83' title='bbox 852 2113 894 2196; x_wconf 80' lang='grc' dir='ltr'>τὸ</span> <span class='ocrx_word' id='word_1_84' title='bbox 912 2113 1130 2217; x_wconf 79' lang='grc' dir='ltr'>ἁρπακτικὸν</span> <span class='ocrx_word' id='word_1_85' title='bbox 1149 2118 1206 2193; x_wconf 82' lang='grc' dir='ltr'>καὶ</span> <span class='ocrx_word' id='word_1_86' title='bbox 1225 2112 1433 2218; x_wconf 78' lang='grc' dir='ltr'>λῃστρικὸν,</span> 
     </span>
     <span class='ocr_line' id='line_1_13' title="bbox 386 2238 1429 2344; baseline -0.004 -23"><span class='ocrx_word' id='word_1_87' title='bbox 386 2245 444 2322; x_wconf 82' lang='grc' dir='ltr'>καὶ</span> <span class='ocrx_word' id='word_1_88' title='bbox 461 2243 650 2322; x_wconf 84' lang='grc' dir='ltr'>σε’σωσται</span> <span class='ocrx_word' id='word_1_89' title='bbox 669 2243 689 2321; x_wconf 84' lang='grc' dir='ltr'>ὁ</span> <span class='ocrx_word' id='word_1_90' title='bbox 708 2242 905 2344; x_wconf 80' lang='grc' dir='ltr'>ἅνθρωπος.</span> <span class='ocrx_word' id='word_1_91' title='bbox 936 2242 1021 2320; x_wconf 83' lang='grc' dir='ltr'>ἀλλ’</span> <span class='ocrx_word' id='word_1_92' title='bbox 1042 2241 1084 2319; x_wconf 90' lang='grc' dir='ltr'>οῦ</span> <span class='ocrx_word' id='word_1_93' title='bbox 1103 2238 1217 2322; x_wconf 74' lang='grc' dir='ltr'>θέλεις</span> <span class='ocrx_word' id='word_1_94' title='bbox 1235 2240 1328 2318; x_wconf 81' lang='grc' dir='ltr'>οὕτω</span> <span class='ocrx_word' id='word_1_95' title='bbox 1346 2242 1429 2337; x_wconf 81' lang='grc' dir='ltr'>νοῆ-</span> 
     </span>
     <span class='ocr_line' id='line_1_14' title="bbox 386 2364 1452 2472; baseline 0.002 -27"><span class='ocrx_word' id='word_1_96' title='bbox 386 2400 476 2462; x_wconf 75' lang='grc' dir='ltr'>σαι,</span> <span class='ocrx_word' id='word_1_97' title='bbox 507 2367 587 2447; x_wconf 77' lang='grc' dir='ltr'>ἔστι</span> <span class='ocrx_word' id='word_1_98' title='bbox 614 2370 673 2445; x_wconf 81' lang='grc' dir='ltr'>καὶ</span> <span class='ocrx_word' id='word_1_99' title='bbox 700 2366 799 2466; x_wconf 81' lang='grc' dir='ltr'>ἀλλη</span> <span class='ocrx_word' id='word_1_100' title='bbox 827 2364 1012 2472; x_wconf 70' lang='grc' dir='ltr'>ἐξήγησις·</span> <span class='ocrx_word' id='word_1_101' title='bbox 1044 2371 1180 2470; x_wconf 84' lang='grc' dir='ltr'>τυφλοῖ</span> <span class='ocrx_word' id='word_1_102' title='bbox 1204 2367 1263 2443; x_wconf 80' lang='grc' dir='ltr'>καὶ</span> <span class='ocrx_word' id='word_1_103' title='bbox 1288 2366 1308 2443; x_wconf 84' lang='grc' dir='ltr'>ὁ</span> <span class='ocrx_word' id='word_1_104' title='bbox 1333 2365 1452 2464; x_wconf 74' lang='grc' dir='ltr'>ἥλιος,</span> 
     </span>
     <span class='ocr_line' id='line_1_15' title="bbox 385 2491 1430 2596; baseline 0 -27"><span class='ocrx_word' id='word_1_105' title='bbox 385 2491 468 2576; x_wconf 82' lang='grc' dir='ltr'>τοῦς</span> <span class='ocrx_word' id='word_1_106' title='bbox 485 2498 806 2591; x_wconf 81' lang='grc' dir='ltr'>ἀμβλυωποῦντας,</span> <span class='ocrx_word' id='word_1_107' title='bbox 825 2495 882 2571; x_wconf 78' lang='grc' dir='ltr'>καὶ</span> <span class='ocrx_word' id='word_1_108' title='bbox 901 2498 934 2571; x_wconf 84' lang='grc' dir='ltr'>οὶ</span> <span class='ocrx_word' id='word_1_109' title='bbox 952 2494 1225 2596; x_wconf 77' lang='grc' dir='ltr'>ὀφθαλμιῶντες</span> <span class='ocrx_word' id='word_1_110' title='bbox 1247 2496 1430 2595; x_wconf 85' lang='grc' dir='ltr'>τυφλοῦν·</span> 
     </span>
    </p>
   </div>
   <div class='ocr_carea' id='block_1_4' title="bbox 386 2696 1434 3714">
    <p class='ocr_par' dir='ltr' id='par_1_5' title="bbox 386 2696 1434 2952">
     <span class='ocr_line' id='line_1_16' title="bbox 386 2696 1434 2785; baseline -0.001 -22"><span class='ocrx_word' id='word_1_111' title='bbox 386 2696 529 2763; x_wconf 72' lang='lat' dir='ltr'>dabitur:</span> <span class='ocrx_word' id='word_1_112' title='bbox 552 2697 591 2763; x_wconf 78' lang='lat' dir='ltr'>ab</span> <span class='ocrx_word' id='word_1_113' title='bbox 605 2722 638 2764; x_wconf 82' lang='lat' dir='ltr'>eo</span> <span class='ocrx_word' id='word_1_114' title='bbox 651 2710 750 2764; x_wconf 76' lang='grc' dir='ltr'>οαιιια</span> <span class='ocrx_word' id='word_1_115' title='bbox 764 2700 818 2785; x_wconf 80' lang='lat' dir='ltr'>qni</span> <span class='ocrx_word' id='word_1_116' title='bbox 832 2720 891 2763; x_wconf 83' lang='grc' dir='ltr'>ποιι</span> <span class='ocrx_word' id='word_1_117' title='bbox 931 2699 1122 2785; x_wconf 71' lang='grc' dir='ltr'>οοοίιαιίοιιιι</span> <span class='ocrx_word' id='word_1_118' title='bbox 1134 2697 1313 2782; x_wconf 65' lang='lat' dir='ltr'>infidelium.</span> <span class='ocrx_word' id='word_1_119' title='bbox 1336 2698 1434 2782; x_wconf 81' lang='lat' dir='ltr'><strong>Cujus</strong></span> 
     </span>
     <span class='ocr_line' id='line_1_17' title="bbox 386 2782 1432 2872; baseline 0 -24"><span class='ocrx_word' id='word_1_120' title='bbox 386 2782 480 2860; x_wconf 69' lang='lat' dir='ltr'>talen</span> <span class='ocrx_word' id='word_1_121' title='bbox 496 2785 587 2848; x_wconf 74' lang='lat' dir='ltr'><strong>eliam</strong></span> <span class='ocrx_word' id='word_1_122' title='bbox 601 2786 681 2870; x_wconf 78' lang='lat' dir='ltr'>qaod</span> <span class='ocrx_word' id='word_1_123' title='bbox 692 2808 722 2850; x_wconf 82' lang='lat' dir='ltr'>sa</span> <span class='ocrx_word' id='word_1_124' title='bbox 730 2796 824 2872; x_wconf 77' lang='lat' dir='ltr'><strong>potat</strong></span> <span class='ocrx_word' id='word_1_125' title='bbox 837 2785 890 2849; x_wconf 78' lang='lat' dir='ltr'>lo-</span> <span class='ocrx_word' id='word_1_126' title='bbox 932 2784 1011 2848; x_wconf 87' lang='lat' dir='ltr'><strong>dicti</strong></span> <span class='ocrx_word' id='word_1_127' title='bbox 1040 2805 1161 2859; x_wconf 84' lang='lat' dir='ltr'><strong>sensus,</strong></span> <span class='ocrx_word' id='word_1_128' title='bbox 1186 2782 1339 2867; x_wconf 84' lang='lat' dir='ltr'><strong>ejusmodi</strong></span> <span class='ocrx_word' id='word_1_129' title='bbox 1363 2793 1432 2848; x_wconf 84' lang='lat' dir='ltr'><strong>ost:</strong></span> 
     </span>
     <span class='ocr_line' id='line_1_18' title="bbox 387 2868 1433 2952; baseline 0.001 -21"><span class='ocrx_word' id='word_1_130' title='bbox 387 2868 452 2932; x_wconf 77' lang='lat' dir='ltr'><strong>toro</strong></span> <span class='ocrx_word' id='word_1_131' title='bbox 465 2870 631 2952; x_wconf 75' lang='lat' dir='ltr'>assaretur.</span> <span class='ocrx_word' id='word_1_132' title='bbox 932 2891 1057 2934; x_wconf 84' lang='lat' dir='ltr'><strong>axsaeoa</strong></span> <span class='ocrx_word' id='word_1_133' title='bbox 1071 2868 1258 2933; x_wconf 71' lang='lat' dir='ltr'><strong>scortatoris</strong></span> <span class='ocrx_word' id='word_1_134' title='bbox 1272 2868 1433 2932; x_wconf 87' lang='lat' dir='ltr'><strong>soortandi</strong></span> 
     </span>
    </p>

    <p class='ocr_par' dir='ltr' id='par_1_6' title="bbox 387 2952 1434 3714">
     <span class='ocr_line' id='line_1_19' title="bbox 431 2952 1434 3040; baseline 0.004 -25"><span class='ocrx_word' id='word_1_135' title='bbox 431 2952 495 3017; x_wconf 92' lang='lat'><em>111.</em></span> <span class='ocrx_word' id='word_1_136' title='bbox 528 2956 562 3017; x_wconf 92' lang='lat' dir='ltr'>Si</span> <span class='ocrx_word' id='word_1_137' title='bbox 585 2963 705 3032; x_wconf 85' lang='lat' dir='ltr'><strong>autam,</strong></span> <span class='ocrx_word' id='word_1_138' title='bbox 728 2965 765 3020; x_wconf 92' lang='lat' dir='ltr'>ut</span> <span class='ocrx_word' id='word_1_139' title='bbox 794 2956 890 3020; x_wconf 85' lang='lat' dir='ltr'><strong>inter·</strong></span> <span class='ocrx_word' id='word_1_140' title='bbox 931 2954 1151 3040; x_wconf 78' lang='lat' dir='ltr'><strong>cogitationes,</strong></span> <span class='ocrx_word' id='word_1_141' title='bbox 1165 2961 1199 3018; x_wconf 85' lang='lat' dir='ltr'>ot</span> <span class='ocrx_word' id='word_1_142' title='bbox 1221 2962 1365 3018; x_wconf 84' lang='lat' dir='ltr'><strong>servatus</strong></span> <span class='ocrx_word' id='word_1_143' title='bbox 1384 2961 1434 3019; x_wconf 85' lang='lat' dir='ltr'>est</span> 
     </span>
     <span class='ocr_line' id='line_1_20' title="bbox 388 3038 1434 3123; baseline 0.003 -22"><span class='ocrx_word' id='word_1_144' title='bbox 388 3047 558 3123; x_wconf 83' lang='lat' dir='ltr'><strong>pratantur</strong></span> <span class='ocrx_word' id='word_1_145' title='bbox 596 3040 748 3116; x_wconf 89' lang='lat' dir='ltr'>nonnulli,</span> <span class='ocrx_word' id='word_1_146' title='bbox 785 3041 890 3105; x_wconf 85' lang='lat' dir='ltr'><strong>dioen—</strong></span> <span class='ocrx_word' id='word_1_147' title='bbox 931 3040 1043 3104; x_wconf 88' lang='lat' dir='ltr'><strong>homo:</strong></span> <span class='ocrx_word' id='word_1_148' title='bbox 1068 3060 1192 3103; x_wconf 80' lang='lat' dir='ltr'><strong>axaaeoa</strong></span> <span class='ocrx_word' id='word_1_149' title='bbox 1221 3038 1355 3103; x_wconf 88' lang='lat' dir='ltr'><strong>latronis</strong></span> <span class='ocrx_word' id='word_1_150' title='bbox 1384 3061 1434 3104; x_wconf 84' lang='lat' dir='ltr'>ra·</span> 
     </span>
     <span class='ocr_line' id='line_1_21' title="bbox 388 3124 1434 3209; baseline 0.002 -22"><span class='ocrx_word' id='word_1_151' title='bbox 388 3124 465 3187; x_wconf 91' lang='lat' dir='ltr'>dum</span> <span class='ocrx_word' id='word_1_152' title='bbox 482 3131 532 3189; x_wconf 84' lang='lat' dir='ltr'>ast</span> <span class='ocrx_word' id='word_1_153' title='bbox 549 3125 636 3199; x_wconf 90' lang='lat' dir='ltr'><strong>illud,</strong></span> <span class='ocrx_word' id='word_1_154' title='bbox 657 3127 785 3206; x_wconf 90' lang='lat' dir='ltr'><strong>(horum</strong></span> <span class='ocrx_word' id='word_1_155' title='bbox 807 3127 891 3191; x_wconf 85' lang='lat' dir='ltr'>anim</span> <span class='ocrx_word' id='word_1_156' title='bbox 930 3125 1037 3209; x_wconf 83' lang='lat' dir='ltr'><strong>piandi</strong></span> <span class='ocrx_word' id='word_1_157' title='bbox 1066 3134 1101 3189; x_wconf 86' lang='lat' dir='ltr'>st</span> <span class='ocrx_word' id='word_1_158' title='bbox 1129 3124 1338 3189; x_wconf 84' lang='lat' dir='ltr'>latrocinandi</span> <span class='ocrx_word' id='word_1_159' title='bbox 1368 3132 1434 3189; x_wconf 88' lang='lat' dir='ltr'>stn-</span> 
     </span>
     <span class='ocr_line' id='line_1_22' title="bbox 387 3209 1433 3294; baseline 0.001 -23"><span class='ocrx_word' id='word_1_160' title='bbox 387 3229 452 3272; x_wconf 90' lang='lat' dir='ltr'>non</span> <span class='ocrx_word' id='word_1_161' title='bbox 478 3217 529 3274; x_wconf 86' lang='lat' dir='ltr'>ost</span> <span class='ocrx_word' id='word_1_162' title='bbox 557 3210 747 3275; x_wconf 80' lang='lat' dir='ltr'><strong>illaudabilis</strong></span> <span class='ocrx_word' id='word_1_163' title='bbox 769 3212 889 3294; x_wconf 87' lang='lat' dir='ltr'><strong>oratio)</strong></span> <span class='ocrx_word' id='word_1_164' title='bbox 931 3209 1028 3288; x_wconf 89' lang='lat' dir='ltr'><strong>dium,</strong></span> <span class='ocrx_word' id='word_1_165' title='bbox 1058 3217 1093 3273; x_wconf 87' lang='lat' dir='ltr'>st</span> <span class='ocrx_word' id='word_1_166' title='bbox 1121 3210 1226 3283; x_wconf 81' lang='lat' dir='ltr'><strong>salvus</strong></span> <span class='ocrx_word' id='word_1_167' title='bbox 1250 3222 1300 3274; x_wconf 84' lang='lat' dir='ltr'>est</span> <span class='ocrx_word' id='word_1_168' title='bbox 1328 3210 1433 3274; x_wconf 91' lang='lat' dir='ltr'><strong>homo.</strong></span> 
     </span>
     <span class='ocr_line' id='line_1_23' title="bbox 388 3293 1434 3361; baseline 0.002 -5"><span class='ocrx_word' id='word_1_169' title='bbox 388 3293 485 3357; x_wconf 88' lang='lat' dir='ltr'><strong>etiam</strong></span> <span class='ocrx_word' id='word_1_170' title='bbox 501 3298 529 3360; x_wconf 89' lang='lat' dir='ltr'>si</span> <span class='ocrx_word' id='word_1_171' title='bbox 540 3297 708 3361; x_wconf 84' lang='lat' dir='ltr'><strong>sxoaeoarit</strong></span> <span class='ocrx_word' id='word_1_172' title='bbox 719 3296 891 3361; x_wconf 85' lang='lat' dir='ltr'><strong>infidelium</strong></span> <span class='ocrx_word' id='word_1_173' title='bbox 932 3296 1051 3360; x_wconf 86' lang='lat' dir='ltr'><strong>Varum</strong></span> <span class='ocrx_word' id='word_1_174' title='bbox 1065 3295 1125 3359; x_wconf 88' lang='lat' dir='ltr'>hoo</span> <span class='ocrx_word' id='word_1_175' title='bbox 1139 3294 1234 3358; x_wconf 89' lang='lat' dir='ltr'><strong>modo</strong></span> <span class='ocrx_word' id='word_1_176' title='bbox 1248 3316 1313 3358; x_wconf 91' lang='lat' dir='ltr'>non</span> <span class='ocrx_word' id='word_1_177' title='bbox 1326 3296 1373 3359; x_wconf 85' lang='lat' dir='ltr'>vis</span> <span class='ocrx_word' id='word_1_178' title='bbox 1387 3295 1434 3358; x_wconf 89' lang='lat' dir='ltr'>in·</span> 
     </span>
     <span class='ocr_line' id='line_1_24' title="bbox 388 3379 1433 3466; baseline 0.002 -25"><span class='ocrx_word' id='word_1_179' title='bbox 388 3387 520 3458; x_wconf 83' lang='lat' dir='ltr'><strong>mantas,</strong></span> <span class='ocrx_word' id='word_1_180' title='bbox 542 3382 585 3444; x_wconf 91' lang='lat' dir='ltr'>ad</span> <span class='ocrx_word' id='word_1_181' title='bbox 608 3403 676 3445; x_wconf 87' lang='lat' dir='ltr'>rom</span> <span class='ocrx_word' id='word_1_182' title='bbox 695 3382 813 3447; x_wconf 90' lang='lat' dir='ltr'><strong>bonam</strong></span> <span class='ocrx_word' id='word_1_183' title='bbox 835 3404 890 3446; x_wconf 86' lang='lat' dir='ltr'>ax·</span> <span class='ocrx_word' id='word_1_184' title='bbox 931 3382 1093 3466; x_wconf 79' lang='lat' dir='ltr'><strong>talligsral</strong></span> <span class='ocrx_word' id='word_1_185' title='bbox 1115 3379 1176 3444; x_wconf 84' lang='lat' dir='ltr'>Est</span> <span class='ocrx_word' id='word_1_186' title='bbox 1196 3386 1229 3444; x_wconf 84' lang='lat' dir='ltr'>et</span> <span class='ocrx_word' id='word_1_187' title='bbox 1249 3379 1313 3443; x_wconf 85' lang='lat' dir='ltr'><strong>alia</strong></span> <span class='ocrx_word' id='word_1_188' title='bbox 1334 3380 1433 3445; x_wconf 83' lang='lat' dir='ltr'><strong>intar-</strong></span> 
     </span>
     <span class='ocr_line' id='line_1_25' title="bbox 388 3464 1434 3550; baseline 0.002 -23"><span class='ocrx_word' id='word_1_189' title='bbox 388 3465 529 3541; x_wconf 81' lang='lat' dir='ltr'><strong>oaeoavit,</strong></span> <span class='ocrx_word' id='word_1_190' title='bbox 544 3475 581 3530; x_wconf 91' lang='lat' dir='ltr'>ut</span> <span class='ocrx_word' id='word_1_191' title='bbox 599 3467 642 3530; x_wconf 90' lang='lat' dir='ltr'>ad</span> <span class='ocrx_word' id='word_1_192' title='bbox 664 3474 774 3532; x_wconf 83' lang='lat' dir='ltr'><strong>sanata</strong></span> <span class='ocrx_word' id='word_1_193' title='bbox 793 3489 845 3531; x_wconf 84' lang='lat' dir='ltr'>ras</span> <span class='ocrx_word' id='word_1_194' title='bbox 866 3467 890 3530; x_wconf 88' lang='lat' dir='ltr'>i.</span> <span class='ocrx_word' id='word_1_195' title='bbox 930 3465 1081 3550; x_wconf 81' lang='lat' dir='ltr'><strong>pretatis.</strong></span> <span class='ocrx_word' id='word_1_196' title='bbox 1126 3464 1278 3530; x_wconf 81' lang='lat' dir='ltr'><strong>Exoaeoat</strong></span> <span class='ocrx_word' id='word_1_197' title='bbox 1316 3472 1349 3530; x_wconf 85' lang='lat' dir='ltr'>at</span> <span class='ocrx_word' id='word_1_198' title='bbox 1387 3465 1434 3529; x_wconf 92' lang='lat' dir='ltr'>sol</span> 
     </span>
     <span class='ocr_line' id='line_1_26' title="bbox 388 3489 1434 3630; baseline 0.003 -17"><span class='ocrx_word' id='word_1_199' title='bbox 388 3550 486 3613; x_wconf 81' lang='lat' dir='ltr'><strong>aiant.</strong></span> <span class='ocrx_word' id='word_1_200' title='bbox 530 3551 602 3615; x_wconf 91' lang='lat' dir='ltr'>Non</span> <span class='ocrx_word' id='word_1_201' title='bbox 617 3552 701 3616; x_wconf 83' lang='lat' dir='ltr'>anim</span> <span class='ocrx_word' id='word_1_202' title='bbox 715 3553 806 3630; x_wconf 85' lang='lat' dir='ltr'><strong>dixit,</strong></span> <span class='ocrx_word' id='word_1_203' title='bbox 824 3489 890 3616; x_wconf 63' lang='lat' dir='ltr'>nll-</span> <span class='ocrx_word' id='word_1_204' title='bbox 931 3553 1080 3617; x_wconf 86' lang='lat' dir='ltr'><strong>obtusam</strong></span> <span class='ocrx_word' id='word_1_205' title='bbox 1095 3550 1258 3615; x_wconf 73' lang='lat' dir='ltr'><strong>oculorum</strong></span> <span class='ocrx_word' id='word_1_206' title='bbox 1273 3550 1384 3628; x_wconf 79' lang='lat' dir='ltr'><strong>aniam,</strong></span> <span class='ocrx_word' id='word_1_207' title='bbox 1400 3557 1434 3616; x_wconf 83' lang='lat' dir='ltr'>st</span> 
     </span>
     <span class='ocr_line' id='line_1_27' title="bbox 388 3634 1434 3714; baseline 0.002 -16"><span class='ocrx_word' id='word_1_208' title='bbox 388 3635 516 3700; x_wconf 85' lang='lat' dir='ltr'><strong>aaeoavit</strong></span> <span class='ocrx_word' id='word_1_209' title='bbox 533 3658 644 3701; x_wconf 88' lang='lat' dir='ltr'><strong>eorum</strong></span> <span class='ocrx_word' id='word_1_210' title='bbox 665 3637 812 3714; x_wconf 89' lang='lat' dir='ltr'><strong>animam,</strong></span> <span class='ocrx_word' id='word_1_211' title='bbox 835 3639 890 3702; x_wconf 79' lang='lat' dir='ltr'>ssd</span> <span class='ocrx_word' id='word_1_212' title='bbox 932 3637 1095 3701; x_wconf 75' lang='lat' dir='ltr'><strong>oculorum</strong></span> <span class='ocrx_word' id='word_1_213' title='bbox 1112 3634 1328 3701; x_wconf 79' lang='lat' dir='ltr'><strong>imbesillitats</strong></span> <span class='ocrx_word' id='word_1_214' title='bbox 1347 3635 1434 3700; x_wconf 89' lang='lat' dir='ltr'><strong>labo·</strong></span> 
     </span>
    </p>
   </div>
   <div class='ocr_carea' id='block_1_5' title="bbox 387 3820 1436 4646">
    <p class='ocr_par' dir='ltr' id='par_1_7' title="bbox 389 3820 1434 3972">
     <span class='ocr_line' id='line_1_28' title="bbox 430 3820 1434 3896; baseline -0.001 -18"><span class='ocrx_word' id='word_1_215' title='bbox 430 3833 445 3863; x_wconf 84' lang='lat'>¹¹</span> <span class='ocrx_word' id='word_1_216' title='bbox 459 3825 505 3891; x_wconf 74' lang='lat' dir='ltr'>nir</span> <span class='ocrx_word' id='word_1_217' title='bbox 517 3824 636 3896; x_wconf 74' lang='grc' dir='ltr'>χάριτος]</span> <span class='ocrx_word' id='word_1_218' title='bbox 652 3822 773 3889; x_wconf 85' lang='lat' dir='ltr'><strong>Siculus,</strong></span> <span class='ocrx_word' id='word_1_219' title='bbox 783 3827 829 3892; x_wconf 73' lang='grc' dir='ltr'>τῆς</span> <span class='ocrx_word' id='word_1_220' title='bbox 839 3822 1004 3895; x_wconf 75' lang='grc' dir='ltr'>φωτιζοῦοηι</span> <span class='ocrx_word' id='word_1_221' title='bbox 1013 3824 1128 3894; x_wconf 74' lang='grc' dir='ltr'>χάριτος,</span> <span class='ocrx_word' id='word_1_222' title='bbox 1139 3821 1317 3878; x_wconf 71' lang='lat' dir='ltr'>illuminantis</span> <span class='ocrx_word' id='word_1_223' title='bbox 1325 3820 1434 3896; x_wconf 68' lang='lat' dir='ltr'>qratia.</span> 
     </span>
     <span class='ocr_line' id='line_1_29' title="bbox 389 3916 478 3972; baseline 0 -1"><span class='ocrx_word' id='word_1_224' title='bbox 389 3916 478 3972; x_wconf 77' lang='lat' dir='ltr'>[nnn</span> 
     </span>
    </p>

    <p class='ocr_par' dir='ltr' id='par_1_8' title="bbox 387 4013 1436 4646">
     <span class='ocr_line' id='line_1_30' title="bbox 430 4013 1434 4087; baseline 0.003 -19"><span class='ocrx_word' id='word_1_225' title='bbox 430 4022 445 4054; x_wconf 91' lang='lat'>¹</span> <span class='ocrx_word' id='word_1_226' title='bbox 466 4016 540 4069; x_wconf 70' lang='lat' dir='ltr'><strong>Eltl</strong></span> <span class='ocrx_word' id='word_1_227' title='bbox 554 4017 602 4079; x_wconf 75' lang='grc' dir='ltr'>δεῖ,</span> <span class='ocrx_word' id='word_1_228' title='bbox 617 4013 717 4087; x_wconf 58' lang='lat' dir='ltr'><strong>salos]</strong></span> <span class='ocrx_word' id='word_1_229' title='bbox 735 4015 769 4071; x_wconf 91' lang='lat' dir='ltr'>ln</span> <span class='ocrx_word' id='word_1_230' title='bbox 784 4015 866 4072; x_wconf 86' lang='lat' dir='ltr'><strong>codd.</strong></span> <span class='ocrx_word' id='word_1_231' title='bbox 884 4016 944 4071; x_wconf 88' lang='lat' dir='ltr'>Roe</span> <span class='ocrx_word' id='word_1_232' title='bbox 959 4022 988 4071; x_wconf 89' lang='lat' dir='ltr'>et</span> <span class='ocrx_word' id='word_1_233' title='bbox 1003 4014 1123 4071; x_wconf 84' lang='lat' dir='ltr'><strong>Casaub.</strong></span> <span class='ocrx_word' id='word_1_234' title='bbox 1138 4033 1173 4071; x_wconf 85' lang='lat' dir='ltr'>ex</span> <span class='ocrx_word' id='word_1_235' title='bbox 1190 4015 1283 4069; x_wconf 74' lang='grc' dir='ltr'>δεῖκαὶ</span> <span class='ocrx_word' id='word_1_236' title='bbox 1297 4015 1331 4071; x_wconf 71' lang='grc' dir='ltr'>ὣς</span> <span class='ocrx_word' id='word_1_237' title='bbox 1346 4032 1434 4070; x_wconf 88' lang='lat' dir='ltr'>unum</span> 
     </span>
     <span class='ocr_line' id='line_1_31' title="bbox 388 4108 1434 4169; baseline 0.002 -4"><span class='ocrx_word' id='word_1_238' title='bbox 388 4108 505 4166; x_wconf 87' lang='lat' dir='ltr'>verbnm</span> <span class='ocrx_word' id='word_1_239' title='bbox 530 4109 632 4168; x_wconf 72' lang='grc' dir='ltr'>δικαίας</span> <span class='ocrx_word' id='word_1_240' title='bbox 655 4109 816 4168; x_wconf 85' lang='lat' dir='ltr'><strong>confectum</strong></span> <span class='ocrx_word' id='word_1_241' title='bbox 840 4120 901 4169; x_wconf 83' lang='lat' dir='ltr'><strong>est:</strong></span> <span class='ocrx_word' id='word_1_242' title='bbox 924 4119 954 4167; x_wconf 89' lang='lat' dir='ltr'>at</span> <span class='ocrx_word' id='word_1_243' title='bbox 977 4112 1017 4168; x_wconf 87' lang='lat' dir='ltr'>ita</span> <span class='ocrx_word' id='word_1_244' title='bbox 1045 4120 1141 4168; x_wconf 88' lang='lat' dir='ltr'><strong>manet</strong></span> <span class='ocrx_word' id='word_1_245' title='bbox 1163 4128 1263 4168; x_wconf 88' lang='lat' dir='ltr'><strong>manca</strong></span> <span class='ocrx_word' id='word_1_246' title='bbox 1286 4118 1434 4167; x_wconf 81' lang='lat' dir='ltr'><strong>construc-</strong></span> 
     </span>
     <span class='ocr_line' id='line_1_32' title="bbox 388 4206 1433 4284; baseline 0.002 -21"><span class='ocrx_word' id='word_1_247' title='bbox 388 4206 440 4264; x_wconf 87' lang='lat' dir='ltr'><strong>tio.</strong></span> <span class='ocrx_word' id='word_1_248' title='bbox 483 4207 583 4265; x_wconf 81' lang='lat' dir='ltr'><strong>Petrua</strong></span> <span class='ocrx_word' id='word_1_249' title='bbox 598 4206 711 4265; x_wconf 84' lang='lat' dir='ltr'><strong>Siculus</strong></span> <span class='ocrx_word' id='word_1_250' title='bbox 725 4209 827 4266; x_wconf 70' lang='grc' dir='ltr'>δικαίας</span> <span class='ocrx_word' id='word_1_251' title='bbox 846 4207 926 4284; x_wconf 77' lang='lat' dir='ltr'><strong>legit,</strong></span> <span class='ocrx_word' id='word_1_252' title='bbox 941 4207 992 4265; x_wconf 84' lang='lat' dir='ltr'>sed</span> <span class='ocrx_word' id='word_1_253' title='bbox 1012 4208 1138 4282; x_wconf 80' lang='lat' dir='ltr'><strong>phrasim</strong></span> <span class='ocrx_word' id='word_1_254' title='bbox 1156 4208 1239 4283; x_wconf 85' lang='lat' dir='ltr'><strong>paulo</strong></span> <span class='ocrx_word' id='word_1_255' title='bbox 1258 4215 1433 4266; x_wconf 80' lang='lat' dir='ltr'><strong>commutat:</strong></span> 
     </span>
     <span class='ocr_line' id='line_1_33' title="bbox 388 4305 1436 4379; baseline 0.002 -21"><span class='ocrx_word' id='word_1_256' title='bbox 388 4306 411 4358; x_wconf 77' lang='lat' dir='ltr'>si</span> <span class='ocrx_word' id='word_1_257' title='bbox 431 4305 461 4359; x_wconf 70' lang='lat' dir='ltr'>ti</span> <span class='ocrx_word' id='word_1_258' title='bbox 478 4305 520 4359; x_wconf 76' lang='lat' dir='ltr'>aral</span> <span class='ocrx_word' id='word_1_259' title='bbox 539 4306 640 4362; x_wconf 65' lang='grc' dir='ltr'>δικαίως</span> <span class='ocrx_word' id='word_1_260' title='bbox 657 4307 724 4363; x_wconf 67' lang='grc' dir='ltr'>τινὲς</span> <span class='ocrx_word' id='word_1_261' title='bbox 739 4306 901 4378; x_wconf 54' lang='lat' dir='ltr'>len-joina,</span> <span class='ocrx_word' id='word_1_262' title='bbox 921 4309 981 4361; x_wconf 71' lang='lat' dir='ltr'>nm</span> <span class='ocrx_word' id='word_1_263' title='bbox 997 4307 1039 4361; x_wconf 76' lang='lat' dir='ltr'>aral</span> <span class='ocrx_word' id='word_1_264' title='bbox 1057 4310 1138 4364; x_wconf 69' lang='grc' dir='ltr'>οὕτως</span> <span class='ocrx_word' id='word_1_265' title='bbox 1155 4306 1244 4361; x_wconf 71' lang='grc' dir='ltr'>εἰπεῖν·</span> <span class='ocrx_word' id='word_1_266' title='bbox 1268 4308 1312 4379; x_wconf 78' lang='grc' dir='ltr'>(οὐ</span> <span class='ocrx_word' id='word_1_267' title='bbox 1331 4307 1436 4377; x_wconf 83' lang='grc' dir='ltr'>φαῦλον</span> 
     </span>
     <span class='ocr_line' id='line_1_34' title="bbox 387 4399 1434 4477; baseline 0.003 -23"><span class='ocrx_word' id='word_1_268' title='bbox 387 4402 439 4473; x_wconf 70' lang='grc' dir='ltr'>γὰρ</span> <span class='ocrx_word' id='word_1_269' title='bbox 460 4402 490 4455; x_wconf 75' lang='grc' dir='ltr'>τὸ</span> <span class='ocrx_word' id='word_1_270' title='bbox 511 4400 591 4474; x_wconf 77' lang='grc' dir='ltr'>ῥῆμα)</span> <span class='ocrx_word' id='word_1_271' title='bbox 608 4424 632 4457; x_wconf 80' lang='grc' dir='ltr'>κ.</span> <span class='ocrx_word' id='word_1_272' title='bbox 645 4424 669 4457; x_wconf 77' lang='grc' dir='ltr'>τ.</span> <span class='ocrx_word' id='word_1_273' title='bbox 683 4405 709 4457; x_wconf 86' lang='grc' dir='ltr'>λ.</span> <span class='ocrx_word' id='word_1_274' title='bbox 744 4400 823 4466; x_wconf 70' lang='lat' dir='ltr'>Quod</span> <span class='ocrx_word' id='word_1_275' title='bbox 841 4403 868 4458; x_wconf 78' lang='lat' dir='ltr'>ri</span> <span class='ocrx_word' id='word_1_276' title='bbox 886 4402 968 4458; x_wconf 78' lang='lat' dir='ltr'><strong>etiam</strong></span> <span class='ocrx_word' id='word_1_277' title='bbox 985 4409 1059 4460; x_wconf 76' lang='lat' dir='ltr'><strong>recte</strong></span> <span class='ocrx_word' id='word_1_278' title='bbox 1075 4402 1290 4477; x_wconf 72' lang='lat' dir='ltr'>interpretantur</span> <span class='ocrx_word' id='word_1_279' title='bbox 1305 4399 1434 4470; x_wconf 69' lang='lat' dir='ltr'>masnili.</span> 
     </span>
     <span class='ocr_line' id='line_1_35' title="bbox 389 4494 1434 4573; baseline 0.002 -23"><span class='ocrx_word' id='word_1_280' title='bbox 389 4494 452 4551; x_wconf 76' lang='lat' dir='ltr'><strong>licet</strong></span> <span class='ocrx_word' id='word_1_281' title='bbox 468 4514 570 4572; x_wconf 74' lang='lat' dir='ltr'>qaoque</span> <span class='ocrx_word' id='word_1_282' title='bbox 590 4499 631 4553; x_wconf 81' lang='lat' dir='ltr'>ris</span> <span class='ocrx_word' id='word_1_283' title='bbox 651 4497 749 4565; x_wconf 79' lang='lat' dir='ltr'>dicere,</span> <span class='ocrx_word' id='word_1_284' title='bbox 767 4501 832 4573; x_wconf 75' lang='grc' dir='ltr'>(παπ</span> <span class='ocrx_word' id='word_1_285' title='bbox 852 4499 922 4555; x_wconf 73' lang='lat' dir='ltr'>esim</span> <span class='ocrx_word' id='word_1_286' title='bbox 942 4498 1061 4555; x_wconf 71' lang='lat' dir='ltr'><strong>absurda</strong></span> <span class='ocrx_word' id='word_1_287' title='bbox 1077 4506 1118 4555; x_wconf 76' lang='lat' dir='ltr'>ert</span> <span class='ocrx_word' id='word_1_288' title='bbox 1131 4498 1234 4572; x_wconf 74' lang='lat' dir='ltr'><strong>oratio)</strong></span> <span class='ocrx_word' id='word_1_289' title='bbox 1250 4507 1305 4555; x_wconf 88' lang='lat' dir='ltr'><strong>cet.</strong></span> <span class='ocrx_word' id='word_1_290' title='bbox 1335 4496 1434 4553; x_wconf 82' lang='lat' dir='ltr'><strong>Tour-</strong></span> 
     </span>
     <span class='ocr_line' id='line_1_36' title="bbox 389 4608 487 4646; baseline 0 0"><span class='ocrx_word' id='word_1_291' title='bbox 389 4608 487 4646; x_wconf 78' lang='lat' dir='ltr'><strong>nasus.</strong></span> 
     </span>
    </p>
   </div>
   <div class='ocr_carea' id='block_1_6' title="bbox 867 4688 959 4752">
    <p class='ocr_par' dir='ltr' id='par_1_9' title="bbox 867 4688 959 4752">
     <span class='ocr_line' id='line_1_37' title="bbox 867 4688 959 4752; baseline 0.022 -2"><span class='ocrx_word' id='word_1_292' title='bbox 867 4688 959 4752; x_wconf 68' lang='lat' dir='ltr'>ndo</span> 
     </span>
    </p>
   </div>
   <div class='ocr_carea' id='block_1_7' title="bbox 0 0 1922 5692">
    <p class='ocr_par' dir='ltr' id='par_1_10' title="bbox 0 0 1922 5692">
     <span class='ocr_line' id='line_1_38' title="bbox 0 0 1922 5692; baseline 0 0"><span class='ocrx_word' id='word_1_293' title='bbox 0 0 1922 5692; x_wconf 95' lang='lat' dir='ltr'> </span> 
     </span>
    </p>
   </div>
  </div>
 </body>
</html>
