3817 5692
593 714 625 777 S.
650 712 935 776 SCRIPTURAEI
962 713 1320 777 ANTE-NICAENA.
1408 716 1474 782 349

591 933 768 1005 Aucron
794 935 1023 1005 Conrrnrus
1051 954 1107 1004 ns
1135 935 1314 1006 Pascua,

474 1067 787 1136 -secundum
815 1065 917 1137 Pauli
945 1066 987 1135 B.
1012 1065 1160 1159 apostoli
1187 1089 1395 1142 sermonem,
1414 1068 1473 1158 qui

426 1180 560 1272 Spiritu
592 1180 660 1249 Dei
696 1182 844 1250 edoctus
877 1181 1002 1251 retulit
1036 1205 1096 1252 eos
1129 1179 1331 1273 implevisse
1364 1203 1475 1250 annos

426 1295 593 1366 CCCC-L.
646 1295 739 1380 (Act.
762 1296 883 1389 Apost.
909 1298 983 1366 xiii.
1001 1302 1088 1388 20).
1141 1296 1201 1366 Ad
1228 1296 1360 1368 calcem
1386 1294 1474 1390 Opp.

425 1407 464 1480 S.
485 1407 669 1502 Cypriani,
689 1409 773 1479 edit.
794 1409 885 1479 Felli
903 1434 937 1503 p.
952 1410 1011 1488 67.

793 1644 829 1710 S.
856 1644 1110 1714 cremanus.

478 1767 575 1840 Nam
605 1794 669 1841 nos
704 1795 796 1841 nunc
825 1773 869 1842 de
901 1773 1028 1842 divinis
1058 1773 1215 1843 fontibus
1248 1771 1474 1866 implevimus

426 1887 617 1969 modicum,
631 1889 725 1978 quod
745 1889 810 1958 tibi
828 1888 969 1958 interim
989 1890 1232 1972 mitteremus;
1251 1890 1372 1960 bibere
1389 1891 1475 1961 ube·

425 2003 497 2071 rius
524 2010 562 2072 et
590 2003 736 2073 saturari
766 2005 941 2096 copiosius
969 2005 1111 2096 poteris,
1138 2005 1165 2074 si
1194 2014 1234 2073 tu
1262 2029 1402 2097 quoque
1430 2006 1474 2075 ad

427 2117 568 2187 eosdem
588 2118 726 2188 Divinae
749 2119 979 2211 plenitudinis
1003 2122 1119 2189 fontes
1139 2121 1322 2191 nobiscum
1345 2123 1476 2215 pariter

425 2240 610 2323 potaturus
636 2237 832 2304 accesseris.
862 2234 1150 2305 Testimoniorum
1168 2236 1229 2307 lib.
1241 2242 1275 2306 3.
1293 2239 1365 2308 sive
1384 2237 1476 2306 Prae-

426 2345 577 2427 fationis,
594 2369 629 2439 p.
644 2352 728 2423 274.
746 2350 801 2417 ed.
821 2348 968 2431 Baluzii‚
987 2373 1050 2419 seu
1068 2350 1292 2420 Benedictis.

477 2459 521 2528 In
552 2460 764 2554 Apocalypsi
796 2463 979 2555 Scriptura
1010 2465 1127 2533 divina
1157 2465 1321 2536 declarat.
1361 2464 1474 2557 Epist.

427 2574 572 2646 LXIII.
590 2599 624 2669 p.
642 2581 725 2648 108.

478 2691 573 2761 Item
601 2692 726 2763 beatus
752 2694 931 2785 apostolus
957 2693 1089 2764 Paulus
1111 2693 1305 2763 Dominicae
1330 2695 1476 2786 inspira-

427 2804 534 2874 tionis
558 2808 672 2899 gratia
697 2808 832 2900 plenus,
860 2808 931 2897 Qui
956 2807 1186 2891 administrat,
1213 2810 1338 2900 inquit,
1364 2832 1476 2878 semen
1570 2827 1574 2833 '

427 2919 621 3003 seminanti,
636 2930 668 2992 at
679 2947 805 3017 panem
819 2923 867 2994 ad
882 2922 1047 2994 adelidam
1059 2923 1250 3018 praestabit,
1262 2922 1327 2993 &c
1343 2923 1381 3001 (2
1393 2921 1475 2995 Cor.

428 3036 476 3103 ix.
493 3039 566 3127 10.)
591 3036 649 3107 Dc
668 3038 779 3131 Opere
794 3049 826 3109 et
841 3038 1091 3133 Eleemospnis,
1110 3063 1184 3132 cap.
1196 3037 1230 3109 6.
1248 3063 1282 3130 p.
1294 3042 1379 3108 240.

480 3149 630 3219 Necnon
654 3161 692 3220 et
719 3151 807 3221 illud
831 3153 1029 3235 consilium,
1049 3156 1158 3223 frater
1179 3153 1368 3237 carissime,
1387 3151 1476 3221 utile

430 3272 467 3333 et
493 3264 632 3335 salubre
657 3269 821 3359 prospexi
847 3270 884 3337 in
910 3269 1158 3339 exhortatione
1184 3277 1257 3337 tam
1282 3268 1477 3337 necessaria

430 3404 510 3471 quae
548 3390 719 3473 martyres
755 3382 871 3464 faciat,
906 3383 1140 3474 amputandas
1178 3404 1254 3453 esse
1290 3381 1475 3452 verborum

428 3507 627 3566 nostrorum
655 3520 770 3567 moras
794 3507 832 3567 et
861 3500 1056 3580 tarditates,
1084 3507 1191 3589 atque
1218 3497 1384 3589 ambages
1406 3520 1477 3567 ser·

428 3613 542 3682 monis
568 3612 714 3682 bumani
740 3612 1006 3694 subtrahendas,
1023 3612 1187 3705 ponenda
1212 3611 1286 3683 sola
1311 3612 1381 3694 illa,
1399 3638 1478 3706 quar

429 3725 528 3795 Deus
563 3725 729 3816 loquitur,
764 3727 892 3818 quibus
925 3749 1044 3797 servos
1078 3749 1158 3796 suos
1192 3728 1237 3797 ad
1271 3730 1479 3818 martyrium

349 3822 351 3827 ⁷
430 3836 590 3908 Christus
608 3840 779 3908 hortatur.
825 3840 1011 3930 Praecepta
1027 3841 1102 3929 ipsa
1120 3839 1250 3909 Divina
1266 3840 1365 3910 velut
1382 3865 1480 3912 arma

429 3953 669 4045 pugnantibus
686 3953 905 4045 suggerenda
921 3963 1015 4023 sunt.
1041 3952 1098 4023 De
1111 3951 1365 4025 Endortatione
1376 3954 1480 4026 Mar-

431 4070 527 4162 syan,
546 4091 579 4160 p.
594 4066 679 4137 aaa.

483 4183 590 4255 Unde
607 4193 661 4254 est
678 4183 746 4253 ista
764 4182 930 4252 traditio?
972 4180 1151 4252 Utrumne
1173 4184 1217 4251 de
1236 4182 1425 4253 Dominica
1442 4191 1480 4253 et

432 4299 636 4393 evangelica
665 4300 878 4370 auctoritate
902 4297 1130 4383 descendens,
1160 4320 1205 4367 an
1233 4297 1278 4367 de
1304 4297 1481 4389 apostolo·

432 4437 511 4482 rum
545 4415 721 4483 mandatis
755 4423 862 4503 atque
896 4410 1053 4504 epistolis
1083 4411 1251 4481 veniens?
1303 4408 1356 4480 Ea
1385 4411 1480 4480 enim

432 4527 593 4598 facienda
622 4550 698 4597 esse
732 4552 810 4619 quae
845 4527 974 4619 scripta
1007 4534 1101 4606 sunt,
1129 4524 1228 4594 Deus
1262 4533 1414 4595 testatur
1442 4533 1480 4594 et

433 4653 626 4736 praemonet
650 4644 694 4714 ad
711 4641 836 4713 Jesum
856 4642 959 4712 Nave
986 4642 1116 4723 dicens,
1134 4639 1214 4709 Non
1242 4640 1371 4710 recedet
1395 4636 1482 4709 liber
