3817 5692
499 675 543 740 ts
716 669 969 734 ARCHELAI
1002 669 1067 732 ET
1098 667 1319 731 MANETIS

500 845 607 914 tione.
660 839 709 911 Et
734 840 912 932 quomodo
937 839 1025 909 mihi
1052 839 1235 931 quisquam
1262 838 1369 920 dicet,
1393 838 1475 930 quia
1499 837 1545 906 ad

499 958 689 1050 imaginem
717 956 786 1026 Dei
809 956 922 1027 factus
948 965 1003 1026 est
1028 964 1129 1047 pater
1154 963 1273 1024 noster
1289 951 1418 1036 Adam,
1436 962 1474 1023 et
1499 954 1544 1024 ad

498 1072 779 1154 similitudinem,
797 1080 835 1141 et
852 1071 976 1142 similis
993 1079 1049 1141 est
1066 1072 1110 1153 ei,
1129 1071 1188 1162 qui
1211 1070 1297 1140 fecit
1314 1070 1422 1141 eum?
1448 1070 1545 1153 Quo·

498 1188 605 1258 modo
631 1209 762 1267 omnes,
787 1187 847 1278 qui
873 1209 987 1256 exeo
1011 1186 1170 1278 generati
1194 1207 1324 1267 sumus,
1352 1185 1485 1256 similes
1511 1187 1542 1255 ei

499 1301 644 1373 snmus?
670 1302 742 1370 imo
772 1324 855 1370 vero
881 1324 902 1371 e
931 1302 1108 1371 contrario
1141 1299 1301 1392 plurimae
1327 1301 1429 1370 nobis
1461 1309 1545 1370 sunt

499 1418 631 1498 formae,
649 1416 774 1486 diversi
794 1416 914 1486 vultus
939 1416 1094 1485 ferentes
1111 1413 1288 1509 effigiem?
1315 1414 1419 1498 Quod
1437 1438 1544 1507 quam

500 1555 621 1602 verum
640 1532 686 1601 sit
699 1531 947 1602 demonstrabo
965 1531 1065 1600 vobis
1082 1532 1119 1600 in
1136 1529 1320 1623 parabolis.
1351 1528 1544 1600 Intuemini

499 1645 586 1715 mihi
603 1645 758 1737 aliquem
773 1644 952 1716 volentem
970 1641 1214 1727 “thesaurum
1228 1653 1291 1714 aut
1303 1644 1435 1737 aliquid
1448 1644 1545 1715 aliud

499 1762 647 1854 signare,
665 1769 703 1829 et
720 1770 865 1852 accepta
883 1783 972 1843 cera,
991 1759 1048 1830 vel
1066 1759 1142 1829 luto
1160 1760 1252 1830 velle
1269 1760 1389 1831 vultus
1405 1762 1460 1831 sui
1477 1760 1546 1855 sig-

499 1876 676 1956 naculum,
694 1875 788 1966 quod
814 1876 917 1967 gerit,
936 1875 1155 1966 exprimere3
1181 1876 1278 1966 quod
1298 1877 1327 1946 si
1352 1875 1442 1945 alius
1459 1898 1546 1967 quo·

500 2014 569 2082 que
586 1989 706 2060 vultus
723 1991 777 2059 sui
794 1989 942 2082 figuram
960 1989 1124 2060 similiter
1140 1991 1360 2081 expresserit,
1374 1990 1544 2083 numquid

539 2250 555 2296 ‘¹
569 2253 710 2328 Antiquos
724 2251 815 2308 anulis
828 2251 924 2309 omnia
938 2251 1075 2327 signasse,
1090 2270 1152 2327 que
1166 2271 1184 2309 a
1197 2252 1426 2322 domesticorum,
1441 2262 1471 2310 et
1485 2271 1543 2309 ser·

499 2366 599 2407 vorum
621 2347 728 2423 rapinis
749 2348 891 2406 vindicare
915 2350 1093 2425 satagebant,
1121 2368 1210 2415 arcas,
1233 2350 1362 2415 armaria,
1384 2350 1544 2425 amphoras,

498 2474 612 2531 penum,
627 2454 736 2529 aliaque
756 2453 833 2510 furto
854 2473 887 2510 ae
908 2453 1014 2528 rapinae
1035 2452 1168 2518 obnoxia,
1182 2473 1228 2511 res
1248 2455 1397 2512 notissima
1414 2463 1458 2512 est
1471 2456 1545 2511 anti·

500 2551 615 2628 quitatis
629 2552 765 2608 Romanae
779 2559 808 2608 et
820 2551 928 2608 Graeeoe
943 2551 1086 2616 studiosis,
1102 2551 1192 2625 deque
1206 2570 1241 2608 ea
1253 2561 1319 2626 post
1332 2551 1402 2609 alios
1415 2553 1472 2609 late
1486 2552 1546 2628 agit

500 2645 691 2704 Kirchmanus
705 2647 740 2703 de
755 2647 854 2704 Anulis
868 2666 928 2722 cap.
943 2665 988 2705 10.
1023 2647 1111 2704 Anuli
1125 2647 1161 2704 ad
1179 2647 1235 2704 hoc
1255 2648 1333 2714 tacti,
1346 2649 1501 2723 ripatorii,
1516 2656 1546 2705 et

498 2744 667 2819 sigillatoris',
689 2752 752 2801 eta
774 2743 897 2819 Vopiseo
919 2744 949 2801 in
970 2744 1133 2812 Aureliano,
1155 2744 1310 2819 sigillarits's'
1330 2754 1544 2820 nuncupantur;

500 2840 568 2916 quin
588 2850 618 2898 et
637 2841 785 2915 signacula,
800 2850 833 2897 ut
850 2841 982 2898 Archelai
1003 2840 1201 2916 disputationis
1222 2841 1360 2916 interpres
1381 2841 1475 2908 vertit,
1491 2842 1546 2899 dici

499 2955 583 3010 posse
599 2937 669 2992 scite
683 2936 770 2992 tradit
781 2935 935 2993 Salmasius
950 2936 986 2993 de
1007 2935 1207 3010 subsignandis
1227 2938 1405 2994 testamentis
1423 2956 1544 3013 eap.19.

501 3034 576 3089 Cera
589 3041 683 3089 autem
699 3033 728 3089 in
741 3033 815 3090 hane
836 3052 897 3090 rem
913 3052 981 3090 usos
1001 3033 1088 3090 fuisse
1104 3042 1215 3090 veteres
1234 3034 1292 3091 late
1312 3035 1414 3110 probat
1429 3035 1546 3092 Vossius

500 3129 536 3186 de
551 3128 715 3186 Idololatria
733 3130 782 3188 lib.
797 3131 834 3188 iv.
856 3149 919 3205 cap.
934 3148 984 3206 91.
1019 3131 1063 3188 De
1084 3139 1171 3196 creta,
1186 3150 1270 3206 quam
1291 3133 1384 3197 latum,
1399 3133 1473 3190 idem
1492 3134 1544 3189 Ar·

500 3224 589 3283 chelai
600 3225 739 3301 interpres
752 3236 845 3293 vocat,
859 3227 942 3284 testis
962 3235 1007 3284 est
1028 3227 1142 3284 Servius
1163 3228 1193 3284 in
1212 3228 1261 3285 lib.
1277 3229 1313 3286 iv.
1349 3229 1488 3287 AEueidos
1509 3230 1546 3287 ad

499 3321 547 3378 illa
560 3323 662 3390 verba;
685 3325 830 3400 Longaeva
851 3325 999 3391 Sacerdos,
1019 3325 1069 3383 ubi
1087 3325 1194 3383 Sibilloe
1215 3328 1291 3402 apud
1312 3327 1418 3385 Cumas
1438 3329 1545 3404 agenti,

499 3420 534 3476 ab
549 3420 706 3495 Erythraeis
724 3423 873 3497 epistolam
894 3422 1010 3479 missam
1030 3422 1116 3479 fuisse
1137 3421 1233 3491 refert,
1249 3430 1324 3479 creto
1344 3426 1453 3497 emique
1473 3440 1547 3478 mure

499 3516 644 3591 Qantara.
687 3519 822 3576 Meminit
838 3519 1005 3577 Herodotus
1025 3518 1054 3575 in
1071 3520 1196 3593 Euterpe
1210 3522 1258 3592 γῆς
1271 3522 1451 3592 οημαπρίδος,
1466 3527 1547 3575 terra

499 3616 664 3689 signatricis,
679 3626 709 3674 et
723 3617 824 3674 Cicero
838 3626 910 3674 orat.
925 3636 955 3690 4.
969 3617 999 3673 in
1012 3617 1134 3673 Verrem
1151 3616 1278 3691 epistola
1292 3617 1395 3673 cretulc
1415 3616 1544 3691 signatae.

501 3714 591 3789 Cujus
605 3726 699 3773 autem
713 3717 827 3793 generis
840 3725 916 3775 esset
928 3717 991 3774 haec
1007 3726 1084 3774 terra
1097 3736 1134 3773 ex
1147 3717 1249 3774 eodem
1263 3716 1401 3774 Cicerone
1415 3717 1504 3791 liquet
1517 3716 1546 3772 in

501 3811 552 3869 Or.
567 3831 619 3886 pro
633 3813 744 3879 Flacco,
759 3814 807 3871 ubi
822 3815 862 3871 sic
876 3814 923 3871 ait.
944 3814 1015 3871 Haec
1033 3832 1090 3889 quae
1104 3832 1121 3869 u
1134 3814 1211 3870 nobis
1224 3814 1338 3889 prolatu
1358 3814 1478 3870 laudatio
1499 3813 1544 3869 ob·

500 3906 608 3981 Quoto
625 3917 686 3965 erat
705 3918 780 3966 creto
801 3910 851 3966 illu
864 3910 1000 3974 Asiatica,
1016 3928 1076 3985 quae
1087 3908 1156 3984 sere
1175 3916 1217 3965 est
1238 3909 1357 3966 omnibus
1377 3916 1440 3965 notu
1460 3908 1546 3972 eodm,

501 4022 553 4078 qua
568 4013 679 4062 utuntur
693 4025 781 4063 omnes
803 4026 854 4063 noa
872 4008 949 4064 modo
970 4008 998 4063 ia
1012 4006 1142 4083 publicis,
1157 4008 1244 4063 sedet
1265 4007 1292 4062 ia
1307 4006 1431 4081 privatis
1451 4005 1546 4061 literis.

501 4100 618 4176 Pinguis
632 4103 717 4170 enim,
732 4104 819 4172 lenta,
835 4113 865 4160 et
877 4105 1022 4180 glutinosa
1035 4113 1080 4161 est
1093 4112 1171 4161 creta
1186 4103 1243 4161 illa.
1286 4103 1415 4178 Denique
1429 4101 1465 4159 de
1481 4119 1546 4176 pro·

501 4195 554 4271 prii
565 4198 659 4255 vultus
673 4198 797 4275 imagine
808 4201 837 4257 in
851 4201 942 4257 anulis
952 4201 1095 4258 interdum
1107 4208 1302 4274 representatis
1310 4199 1390 4256 locus
1401 4208 1445 4256 est
1456 4198 1548 4256 Plauti

501 4292 531 4348 in
552 4293 692 4352 Pseudolo
708 4314 784 4354 scen.
804 4315 829 4353 1.
850 4297 898 4355 Ec
919 4315 1001 4354 cuasa
1022 4297 1099 4354 miles
1120 4296 1164 4353 aa
1184 4297 1295 4372 reliquit
1314 4295 1470 4371 molum,
1485 4295 1547 4351 Er·

496 4408 623 4465 messum
637 4393 665 4448 in
675 4410 736 4447 cera
750 4412 784 4449 er
797 4394 876 4449 caulo
886 4412 962 4450 suum
977 4395 1127 4469 imaginem.
1150 4393 1293 4451 Caeterum
1307 4394 1442 4451 thesauri
1456 4392 1549 4469 sigillo

502 4485 645 4561 obsignati
659 4488 766 4545 mentio
780 4498 824 4546 est
838 4490 913 4564 apud
923 4491 1135 4549 Theodoretum
1146 4492 1175 4549 in
1190 4500 1263 4550 orat
1274 4509 1302 4568 5.
1318 4492 1354 4549 de
1367 4491 1547 4567 providentia

501 4582 578 4640 haud
592 4585 690 4658 procul
704 4585 739 4642 ab
750 4586 839 4651 inido,
854 4587 902 4644 ubi
916 4588 951 4645 de
966 4587 1077 4663 apibus.
