<?xml version="1.0" encoding="UTF-8"?>
<!DOCTYPE html PUBLIC "-//W3C//DTD XHTML 1.0 Transitional//EN"
    "http://www.w3.org/TR/xhtml1/DTD/xhtml1-transitional.dtd">
<html xmlns="http://www.w3.org/1999/xhtml" xml:lang="en" lang="en">
 <head>
  <title>
</title>
<meta http-equiv="Content-Type" content="text/html;charset=utf-8" />
  <meta name='ocr-system' content='tesseract 3.04.00' />
  <meta name='ocr-capabilities' content='ocr_page ocr_carea ocr_par ocr_line ocrx_word'/>
</head>
<body>
  <div class='ocr_page' id='page_1' title='image "./reliquiaesacrae02routgoog_0048.png"; bbox 0 0 3817 5692; ppageno 0'>
   <div class='ocr_carea' id='block_1_1' title="bbox 426 676 1100 741">
    <p class='ocr_par' dir='ltr' id='par_1_1' title="bbox 426 676 1100 741">
     <span class='ocr_line' id='line_1_1' title="bbox 426 676 1100 741; baseline -0.003 0"><span class='ocrx_word' id='word_1_1' title='bbox 426 680 469 741; x_wconf 76' lang='lat' dir='ltr'><strong><em>ee</em></strong></span> <span class='ocrx_word' id='word_1_2' title='bbox 721 728 722 732; x_wconf 65' lang='lat'><strong><em>,</em></strong></span> <span class='ocrx_word' id='word_1_3' title='bbox 796 676 1100 740; x_wconf 83' lang='lat' dir='ltr'><strong>ARCHELAUS.</strong></span> 
     </span>
    </p>
   </div>
   <div class='ocr_carea' id='block_1_2' title="bbox 418 844 1475 3168">
    <p class='ocr_par' dir='ltr' id='par_1_2' title="bbox 418 844 1475 2150">
     <span class='ocr_line' id='line_1_2' title="bbox 423 844 1473 931; baseline 0 -19"><span class='ocrx_word' id='word_1_4' title='bbox 423 846 529 912; x_wconf 87' lang='lat' dir='ltr'><strong><em>solatio</em></strong></span> <span class='ocrx_word' id='word_1_5' title='bbox 550 844 772 931; x_wconf 70' lang='lat' dir='ltr'><strong><em>dconsummarit,</em></strong></span> <span class='ocrx_word' id='word_1_6' title='bbox 793 846 912 912; x_wconf 86' lang='lat' dir='ltr'><strong><em>nomine</em></strong></span> <span class='ocrx_word' id='word_1_7' title='bbox 934 846 1109 919; x_wconf 85' lang='lat' dir='ltr'><strong><em>Cnrbitiue,</em></strong></span> <span class='ocrx_word' id='word_1_8' title='bbox 1125 867 1212 931; x_wconf 74' lang='lat' dir='ltr'><strong><em>quen</em></strong></span> <span class='ocrx_word' id='word_1_9' title='bbox 1233 854 1262 912; x_wconf 89' lang='lat' dir='ltr'><strong><em>et</em></strong></span> <span class='ocrx_word' id='word_1_10' title='bbox 1283 847 1393 911; x_wconf 83' lang='lat' dir='ltr'><strong><em>litteris</em></strong></span> <span class='ocrx_word' id='word_1_11' title='bbox 1413 868 1473 912; x_wconf 90' lang='lat' dir='ltr'><strong><em>non</em></strong></span> 
     </span>
     <span class='ocr_line' id='line_1_3' title="bbox 424 946 1473 1031; baseline 0 -20"><span class='ocrx_word' id='word_1_12' title='bbox 424 946 801 1021; x_wconf 76' lang='lat' dir='ltr'><strong><em>medioeriluuemdiuit;</em></strong></span> <span class='ocrx_word' id='word_1_13' title='bbox 827 946 1473 1031; x_wconf 77' lang='lat' dir='ltr'><strong><em>poeteuytumortemnoneolumlilme,</em></strong></span> 
     </span>
     <span class='ocr_line' id='line_1_4' title="bbox 425 1046 1472 1133; baseline 0 -21"><span class='ocrx_word' id='word_1_14' title='bbox 425 1071 497 1133; x_wconf 85' lang='lat' dir='ltr'><strong><em>quoe</em></strong></span> <span class='ocrx_word' id='word_1_15' title='bbox 507 1047 698 1113; x_wconf 86' lang='lat' dir='ltr'><strong><em>Terebintus</em></strong></span> <span class='ocrx_word' id='word_1_16' title='bbox 706 1047 878 1133; x_wconf 74' lang='lat' dir='ltr'><strong><em>reliquerat,</em></strong></span> <span class='ocrx_word' id='word_1_17' title='bbox 889 1048 944 1113; x_wconf 89' lang='lat' dir='ltr'><strong><em>eed</em></strong></span> <span class='ocrx_word' id='word_1_18' title='bbox 954 1058 982 1112; x_wconf 91' lang='lat' dir='ltr'><strong><em>et</em></strong></span> <span class='ocrx_word' id='word_1_19' title='bbox 989 1048 1157 1133; x_wconf 71' lang='lat' dir='ltr'><strong><em>paecuniam</em></strong></span> <span class='ocrx_word' id='word_1_20' title='bbox 1171 1046 1330 1112; x_wconf 72' lang='lat' dir='ltr'><strong><em>‘Gurbicii</em></strong></span> <span class='ocrx_word' id='word_1_21' title='bbox 1343 1068 1472 1125; x_wconf 81' lang='lat' dir='ltr'><strong><em>mmens,</em></strong></span> 
     </span>
     <span class='ocr_line' id='line_1_5' title="bbox 429 1148 1474 1235; baseline -0.002 -20"><span class='ocrx_word' id='word_1_22' title='bbox 429 1150 573 1217; x_wconf 75' lang='lat' dir='ltr'><strong><em>Tremli‘</em></strong></span> <span class='ocrx_word' id='word_1_23' title='bbox 593 1150 758 1235; x_wconf 51' lang='lat' dir='ltr'><strong><em>mimirum</em></strong></span> <span class='ocrx_word' id='word_1_24' title='bbox 775 1150 957 1235; x_wconf 76' lang='lat' dir='ltr'><strong><em>adquisivit,</em></strong></span> <span class='ocrx_word' id='word_1_25' title='bbox 972 1171 1103 1235; x_wconf 80' lang='lat' dir='ltr'><strong><em>quornm</em></strong></span> <span class='ocrx_word' id='word_1_26' title='bbox 1122 1170 1203 1213; x_wconf 88' lang='lat' dir='ltr'><strong><em>unus</em></strong></span> <span class='ocrx_word' id='word_1_27' title='bbox 1222 1148 1371 1227; x_wconf 77' lang='lat' dir='ltr'><strong><em>Thomas,</em></strong></span> <span class='ocrx_word' id='word_1_28' title='bbox 1390 1149 1474 1213; x_wconf 87' lang='lat' dir='ltr'><strong><em>alius</em></strong></span> 
     </span>
     <span class='ocr_line' id='line_1_6' title="bbox 427 1248 1472 1335; baseline -0.002 -18"><span class='ocrx_word' id='word_1_29' title='bbox 427 1254 535 1331; x_wconf 73' lang='lat' dir='ltr'><strong><em>Abda,</em></strong></span> <span class='ocrx_word' id='word_1_30' title='bbox 561 1253 668 1316; x_wconf 85' lang='lat' dir='ltr'><strong><em>tertius</em></strong></span> <span class='ocrx_word' id='word_1_31' title='bbox 693 1261 735 1315; x_wconf 84' lang='lat' dir='ltr'><strong><em>eet</em></strong></span> <span class='ocrx_word' id='word_1_32' title='bbox 759 1253 909 1316; x_wconf 83' lang='lat' dir='ltr'><strong><em>Hermes.</em></strong></span> <span class='ocrx_word' id='word_1_33' title='bbox 953 1251 1019 1315; x_wconf 84' lang='lat' dir='ltr'><strong><em>Hae</em></strong></span> <span class='ocrx_word' id='word_1_34' title='bbox 1042 1248 1089 1315; x_wconf 89' lang='lat' dir='ltr'><strong><em>ad</em></strong></span> <span class='ocrx_word' id='word_1_35' title='bbox 1107 1249 1345 1335; x_wconf 71' lang='lat' dir='ltr'><strong><em>prmdteandum</em></strong></span> <span class='ocrx_word' id='word_1_36' title='bbox 1372 1249 1472 1328; x_wconf 79' lang='lat' dir='ltr'><strong><em>libros,</em></strong></span> 
     </span>
     <span class='ocr_line' id='line_1_7' title="bbox 425 1350 1474 1440; baseline -0.002 -22"><span class='ocrx_word' id='word_1_37' title='bbox 425 1376 496 1440; x_wconf 80' lang='lat' dir='ltr'><strong><em>qums</em></strong></span> <span class='ocrx_word' id='word_1_38' title='bbox 525 1352 715 1438; x_wconf 80' lang='lat' dir='ltr'><strong><em>Scythionus</em></strong></span> <span class='ocrx_word' id='word_1_39' title='bbox 741 1353 965 1438; x_wconf 81' lang='lat' dir='ltr'><strong><em>mnecripeerat,</em></strong></span> <span class='ocrx_word' id='word_1_40' title='bbox 994 1350 1137 1430; x_wconf 75' lang='lat' dir='ltr'><strong><em>mittebat,</em></strong></span> <span class='ocrx_word' id='word_1_41' title='bbox 1164 1350 1299 1438; x_wconf 73' lang='lat' dir='ltr'><strong><em>equilus</em></strong></span> <span class='ocrx_word' id='word_1_42' title='bbox 1319 1351 1474 1437; x_wconf 77' lang='lat' dir='ltr'><strong><em>plurime</em></strong></span> 
     </span>
     <span class='ocr_line' id='line_1_8' title="bbox 418 1454 1475 1540; baseline 0 -22"><span class='ocrx_word' id='word_1_43' title='bbox 418 1454 590 1540; x_wconf 82' lang='lat' dir='ltr'><strong><em>prouincia</em></strong></span> <span class='ocrx_word' id='word_1_44' title='bbox 610 1454 646 1518; x_wconf 89' lang='lat' dir='ltr'><strong><em>in</em></strong></span> <span class='ocrx_word' id='word_1_45' title='bbox 666 1463 831 1519; x_wconf 89' lang='lat' dir='ltr'><strong><em>memorata</em></strong></span> <span class='ocrx_word' id='word_1_46' title='bbox 851 1463 929 1519; x_wconf 82' lang='lat' dir='ltr'><strong><em>secta</em></strong></span> <span class='ocrx_word' id='word_1_47' title='bbox 950 1455 1081 1519; x_wconf 82' lang='lat' dir='ltr'><strong><em>irretita</em></strong></span> <span class='ocrx_word' id='word_1_48' title='bbox 1100 1464 1178 1519; x_wconf 81' lang='lat' dir='ltr'><strong><em>meet.</em></strong></span> <span class='ocrx_word' id='word_1_49' title='bbox 1228 1454 1342 1518; x_wconf 86' lang='lat' dir='ltr'><strong><em>Tamen</em></strong></span> <span class='ocrx_word' id='word_1_50' title='bbox 1361 1463 1389 1517; x_wconf 91' lang='lat' dir='ltr'><strong><em>et</em></strong></span> <span class='ocrx_word' id='word_1_51' title='bbox 1410 1454 1475 1540; x_wconf 76' lang='lat' dir='ltr'><strong><em>ipse</em></strong></span> 
     </span>
     <span class='ocr_line' id='line_1_9' title="bbox 426 1556 1474 1641; baseline -0.002 -19"><span class='ocrx_word' id='word_1_52' title='bbox 426 1556 592 1622; x_wconf 84' lang='lat' dir='ltr'><strong><em>Gurbicius</em></strong></span> <span class='ocrx_word' id='word_1_53' title='bbox 606 1565 677 1641; x_wconf 81' lang='lat' dir='ltr'><strong><em>poet</em></strong></span> <span class='ocrx_word' id='word_1_54' title='bbox 697 1566 819 1621; x_wconf 74' lang='lat' dir='ltr'><strong><em>maman</em></strong></span> <span class='ocrx_word' id='word_1_55' title='bbox 840 1556 954 1636; x_wconf 72' lang='lat' dir='ltr'><strong><em>cidem,</em></strong></span> <span class='ocrx_word' id='word_1_56' title='bbox 970 1556 1126 1621; x_wconf 74' lang='lat' dir='ltr'><strong><em>iuuentute</em></strong></span> <span class='ocrx_word' id='word_1_57' title='bbox 1144 1556 1204 1622; x_wconf 84' lang='lat' dir='ltr'><strong><em>sili</em></strong></span> <span class='ocrx_word' id='word_1_58' title='bbox 1217 1556 1336 1621; x_wconf 73' lang='lat' dir='ltr'><strong><em>immine</em></strong></span> <span class='ocrx_word' id='word_1_59' title='bbox 1351 1558 1474 1621; x_wconf 82' lang='lat' dir='ltr'><strong><em>Manen</em></strong></span> 
     </span>
     <span class='ocr_line' id='line_1_10' title="bbox 426 1656 1474 1744; baseline -0.001 -21"><span class='ocrx_word' id='word_1_60' title='bbox 426 1681 455 1723; x_wconf 88' lang='lat' dir='ltr'><strong><em>se</em></strong></span> <span class='ocrx_word' id='word_1_61' title='bbox 462 1681 524 1744; x_wconf 83' lang='lat' dir='ltr'><strong><em>pro</em></strong></span> <span class='ocrx_word' id='word_1_62' title='bbox 538 1656 712 1722; x_wconf 67' lang='lat' dir='ltr'><strong><em>hCui-hicio</em></strong></span> <span class='ocrx_word' id='word_1_63' title='bbox 726 1658 924 1743; x_wconf 72' lang='lat' dir='ltr'><strong><em>nmmupanit,</em></strong></span> <span class='ocrx_word' id='word_1_64' title='bbox 940 1659 995 1744; x_wconf 85' lang='lat' dir='ltr'><strong><em>qui</em></strong></span> <span class='ocrx_word' id='word_1_65' title='bbox 1009 1658 1176 1744; x_wconf 61' lang='lat' dir='ltr'><strong><em>aliquam</em></strong></span> <span class='ocrx_word' id='word_1_66' title='bbox 1189 1682 1211 1723; x_wconf 90' lang='lat' dir='ltr'><strong><em>a</em></strong></span> <span class='ocrx_word' id='word_1_67' title='bbox 1225 1680 1290 1744; x_wconf 74' lang='lat' dir='ltr'><strong><em>reae</em></strong></span> <span class='ocrx_word' id='word_1_68' title='bbox 1301 1661 1474 1724; x_wconf 75' lang='lat' dir='ltr'><strong><em>Persanun</em></strong></span> 
     </span>
     <span class='ocr_line' id='line_1_11' title="bbox 424 1759 1474 1848; baseline -0.001 -22"><span class='ocrx_word' id='word_1_69' title='bbox 424 1760 657 1848; x_wconf 82' lang='lat' dir='ltr'><strong><em>eompretennee,</em></strong></span> <span class='ocrx_word' id='word_1_70' title='bbox 673 1759 733 1825; x_wconf 89' lang='lat' dir='ltr'><strong><em>tuli</em></strong></span> <span class='ocrx_word' id='word_1_71' title='bbox 751 1761 896 1825; x_wconf 82' lang='lat' dir='ltr'><strong><em>sententia</em></strong></span> <span class='ocrx_word' id='word_1_72' title='bbox 916 1761 1080 1825; x_wconf 83' lang='lat' dir='ltr'><strong><em>damnatus</em></strong></span> <span class='ocrx_word' id='word_1_73' title='bbox 1099 1770 1149 1838; x_wconf 83' lang='lat' dir='ltr'><strong><em>eet,</em></strong></span> <span class='ocrx_word' id='word_1_74' title='bbox 1165 1771 1199 1825; x_wconf 87' lang='lat' dir='ltr'><strong><em>nt</em></strong></span> <span class='ocrx_word' id='word_1_75' title='bbox 1218 1760 1372 1825; x_wconf 76' lang='lat' dir='ltr'><strong><em>lirmnem</em></strong></span> <span class='ocrx_word' id='word_1_76' title='bbox 1392 1782 1474 1825; x_wconf 83' lang='lat' dir='ltr'><strong><em>more</em></strong></span> 
     </span>
     <span class='ocr_line' id='line_1_12' title="bbox 425 1862 1475 1949; baseline 0 -22"><span class='ocrx_word' id='word_1_77' title='bbox 425 1863 619 1939; x_wconf 75' lang='lat' dir='ltr'><strong><em>dmmriatue,</em></strong></span> <span class='ocrx_word' id='word_1_78' title='bbox 642 1872 709 1925; x_wconf 88' lang='lat' dir='ltr'><strong><em>uter</em></strong></span> <span class='ocrx_word' id='word_1_79' title='bbox 729 1863 793 1946; x_wconf 68' lang='lat' dir='ltr'><strong><em>estu</em></strong></span> <span class='ocrx_word' id='word_1_80' title='bbox 813 1862 859 1926; x_wconf 87' lang='lat' dir='ltr'><strong><em>ad</em></strong></span> <span class='ocrx_word' id='word_1_81' title='bbox 875 1870 997 1949; x_wconf 80' lang='lat' dir='ltr'><strong><em>portam</em></strong></span> <span class='ocrx_word' id='word_1_82' title='bbox 1015 1863 1167 1947; x_wconf 84' lang='lat' dir='ltr'><strong><em>penderet,</em></strong></span> <span class='ocrx_word' id='word_1_83' title='bbox 1191 1884 1297 1927; x_wconf 83' lang='lat' dir='ltr'><strong><em>earnes</em></strong></span> <span class='ocrx_word' id='word_1_84' title='bbox 1322 1884 1389 1927; x_wconf 84' lang='lat' dir='ltr'><strong><em>cero</em></strong></span> <span class='ocrx_word' id='word_1_85' title='bbox 1410 1864 1475 1947; x_wconf 75' lang='lat' dir='ltr'><strong><em>ey&#39;cee</em></strong></span> 
     </span>
     <span class='ocr_line' id='line_1_13' title="bbox 426 1961 1475 2048; baseline 0 -21"><span class='ocrx_word' id='word_1_86' title='bbox 426 1962 596 2028; x_wconf 78' lang='lat' dir='ltr'><strong><em>volueribus</em></strong></span> <span class='ocrx_word' id='word_1_87' title='bbox 617 1961 684 2026; x_wconf 88' lang='lat' dir='ltr'><strong><em>eali</em></strong></span> <span class='ocrx_word' id='word_1_88' title='bbox 705 1962 750 2027; x_wconf 87' lang='lat' dir='ltr'><strong><em>ed</em></strong></span> <span class='ocrx_word' id='word_1_89' title='bbox 769 1984 865 2027; x_wconf 81' lang='lat' dir='ltr'><strong><em>eseam</em></strong></span> <span class='ocrx_word' id='word_1_90' title='bbox 881 1965 1069 2048; x_wconf 77' lang='lat' dir='ltr'><strong><em>proficerent.</em></strong></span> <span class='ocrx_word' id='word_1_91' title='bbox 1113 1963 1194 2027; x_wconf 86' lang='lat' dir='ltr'><strong><em>Haee</em></strong></span> <span class='ocrx_word' id='word_1_92' title='bbox 1217 1965 1264 2029; x_wconf 89' lang='lat' dir='ltr'><strong><em>ita</em></strong></span> <span class='ocrx_word' id='word_1_93' title='bbox 1284 1985 1343 2029; x_wconf 86' lang='lat' dir='ltr'><strong><em>esee</em></strong></span> <span class='ocrx_word' id='word_1_94' title='bbox 1366 1964 1475 2028; x_wconf 76' lang='lat' dir='ltr'><strong><em>melius</em></strong></span> 
     </span>
     <span class='ocr_line' id='line_1_14' title="bbox 426 2064 992 2150; baseline -0.004 -21"><span class='ocrx_word' id='word_1_95' title='bbox 426 2085 509 2129; x_wconf 86' lang='lat' dir='ltr'><strong><em>nosse</em></strong></span> <span class='ocrx_word' id='word_1_96' title='bbox 522 2066 671 2150; x_wconf 71' lang='lat' dir='ltr'><strong><em>ammntee</em></strong></span> <span class='ocrx_word' id='word_1_97' title='bbox 686 2064 869 2129; x_wconf 70' lang='lat' dir='ltr'><em>Archelaum</em></span> <span class='ocrx_word' id='word_1_98' title='bbox 885 2065 992 2150; x_wconf 70' lang='lat' dir='ltr'><strong><em>meant.</em></strong></span> 
     </span>
    </p>

    <p class='ocr_par' dir='ltr' id='par_1_3' title="bbox 426 2166 1475 3168">
     <span class='ocr_line' id='line_1_15' title="bbox 470 2166 1471 2253; baseline 0.002 -23"><span class='ocrx_word' id='word_1_99' title='bbox 470 2167 609 2231; x_wconf 76' lang='lat' dir='ltr'><strong><em>Addidit</em></strong></span> <span class='ocrx_word' id='word_1_100' title='bbox 630 2167 690 2231; x_wconf 90' lang='lat' dir='ltr'><strong><em>hos</em></strong></span> <span class='ocrx_word' id='word_1_101' title='bbox 713 2174 861 2231; x_wconf 76' lang='lat' dir='ltr'>auctores</span> <span class='ocrx_word' id='word_1_102' title='bbox 886 2167 1065 2244; x_wconf 74' lang='lat' dir='ltr'><strong><em>anntcius,</em></strong></span> <span class='ocrx_word' id='word_1_103' title='bbox 1089 2166 1243 2231; x_wconf 87' lang='lat' dir='ltr'><strong><em>Rufinum</em></strong></span> <span class='ocrx_word' id='word_1_104' title='bbox 1268 2189 1337 2253; x_wconf 78' lang='lat' dir='ltr'><strong><em>ego,</em></strong></span> <span class='ocrx_word' id='word_1_105' title='bbox 1361 2174 1471 2253; x_wconf 76' lang='lat' dir='ltr'><strong><em>quote</em></strong></span> 
     </span>
     <span class='ocr_line' id='line_1_16' title="bbox 427 2268 1473 2355; baseline 0 -23"><span class='ocrx_word' id='word_1_106' title='bbox 427 2291 488 2333; x_wconf 85' lang='lat' dir='ltr'><strong><em>nne</em></strong></span> <span class='ocrx_word' id='word_1_107' title='bbox 511 2269 666 2346; x_wconf 63' lang='lat' dir='ltr'><strong><em>Mennis,</em></strong></span> <span class='ocrx_word' id='word_1_108' title='bbox 686 2291 741 2333; x_wconf 85' lang='lat' dir='ltr'><strong><em>eeu</em></strong></span> <span class='ocrx_word' id='word_1_109' title='bbox 765 2269 949 2348; x_wconf 82' lang='lat' dir='ltr'><strong><em>Manicheei,</em></strong></span> <span class='ocrx_word' id='word_1_110' title='bbox 966 2271 1119 2355; x_wconf 75' lang='lat' dir='ltr'><strong><em>dogmata</em></strong></span> <span class='ocrx_word' id='word_1_111' title='bbox 1140 2268 1184 2333; x_wconf 88' lang='lat' dir='ltr'><strong><em>sic</em></strong></span> <span class='ocrx_word' id='word_1_112' title='bbox 1206 2277 1418 2354; x_wconf 78' lang='lat' dir='ltr'><strong>exponentem</strong></span> <span class='ocrx_word' id='word_1_113' title='bbox 1439 2269 1473 2333; x_wconf 89' lang='lat' dir='ltr'><strong><em>in</em></strong></span> 
     </span>
     <span class='ocr_line' id='line_1_17' title="bbox 431 2369 1473 2453; baseline 0.001 -20"><span class='ocrx_word' id='word_1_114' title='bbox 431 2371 650 2433; x_wconf 71' lang='lat' dir='ltr'><strong><em>Commentario</em></strong></span> <span class='ocrx_word' id='word_1_115' title='bbox 675 2391 729 2433; x_wconf 87' lang='lat' dir='ltr'><strong><em>suo</em></strong></span> <span class='ocrx_word' id='word_1_116' title='bbox 754 2370 788 2433; x_wconf 89' lang='lat' dir='ltr'><strong><em>in</em></strong></span> <span class='ocrx_word' id='word_1_117' title='bbox 813 2370 998 2453; x_wconf 70' lang='lat' dir='ltr'><strong><em>Symbolum.</em></strong></span> <span class='ocrx_word' id='word_1_118' title='bbox 1044 2369 1220 2434; x_wconf 80' lang='lat' dir='ltr'><strong><em>Concilium</em></strong></span> <span class='ocrx_word' id='word_1_119' title='bbox 1247 2370 1398 2435; x_wconf 76' lang='lat' dir='ltr'><strong><em>vanitatis</em></strong></span> <span class='ocrx_word' id='word_1_120' title='bbox 1423 2380 1473 2447; x_wconf 86' lang='lat' dir='ltr'><strong><em>eet,</em></strong></span> 
     </span>
     <span class='ocr_line' id='line_1_18' title="bbox 427 2471 1472 2558; baseline 0.001 -23"><span class='ocrx_word' id='word_1_121' title='bbox 427 2471 509 2556; x_wconf 76' lang='lat' dir='ltr'><strong><em>quand</em></strong></span> <span class='ocrx_word' id='word_1_122' title='bbox 531 2472 611 2535; x_wconf 80' lang='lat' dir='ltr'><strong><em>dccet</em></strong></span> <span class='ocrx_word' id='word_1_123' title='bbox 639 2472 846 2549; x_wconf 81' lang='lat' dir='ltr'><strong><em>Manietoeue,</em></strong></span> <span class='ocrx_word' id='word_1_124' title='bbox 871 2473 978 2557; x_wconf 81' lang='lat' dir='ltr'><strong><em>primo</em></strong></span> <span class='ocrx_word' id='word_1_125' title='bbox 1007 2472 1090 2557; x_wconf 84' lang='lat' dir='ltr'><strong><em>quod</em></strong></span> <span class='ocrx_word' id='word_1_126' title='bbox 1115 2472 1247 2558; x_wconf 83' lang='lat' dir='ltr'><strong><em>seipsum</em></strong></span> <span class='ocrx_word' id='word_1_127' title='bbox 1274 2471 1472 2537; x_wconf 76' lang='lat' dir='ltr'><strong><em>Paracletum</em></strong></span> 
     </span>
     <span class='ocr_line' id='line_1_19' title="bbox 427 2572 1474 2658; baseline 0.002 -22"><span class='ocrx_word' id='word_1_128' title='bbox 427 2573 617 2637; x_wconf 79' lang='lat' dir='ltr'><strong><em>nominarit:</em></strong></span> <span class='ocrx_word' id='word_1_129' title='bbox 640 2581 704 2636; x_wconf 90' lang='lat' dir='ltr'><strong><em>tum</em></strong></span> <span class='ocrx_word' id='word_1_130' title='bbox 720 2573 828 2637; x_wconf 81' lang='lat' dir='ltr'><strong><em>deiude</em></strong></span> <span class='ocrx_word' id='word_1_131' title='bbox 842 2572 924 2658; x_wconf 84' lang='lat' dir='ltr'><strong><em>quod</em></strong></span> <span class='ocrx_word' id='word_1_132' title='bbox 942 2573 1089 2636; x_wconf 89' lang='lat' dir='ltr'><strong><em>mundum</em></strong></span> <span class='ocrx_word' id='word_1_133' title='bbox 1104 2595 1125 2636; x_wconf 94' lang='lat' dir='ltr'><strong><em>a</em></strong></span> <span class='ocrx_word' id='word_1_134' title='bbox 1143 2573 1223 2637; x_wconf 89' lang='lat' dir='ltr'><strong><em>malo</em></strong></span> <span class='ocrx_word' id='word_1_135' title='bbox 1235 2574 1359 2656; x_wconf 81' lang='lat' dir='ltr'><strong><em>factum</em></strong></span> <span class='ocrx_word' id='word_1_136' title='bbox 1373 2573 1474 2647; x_wconf 70' lang='lat' dir='ltr'><strong><em>aem,-</em></strong></span> 
     </span>
     <span class='ocr_line' id='line_1_20' title="bbox 426 2673 1475 2760; baseline 0.001 -22"><span class='ocrx_word' id='word_1_137' title='bbox 426 2673 528 2738; x_wconf 88' lang='lat' dir='ltr'><strong><em>Deum</em></strong></span> <span class='ocrx_word' id='word_1_138' title='bbox 546 2683 707 2739; x_wconf 86' lang='lat' dir='ltr'><strong><em>creatorem</em></strong></span> <span class='ocrx_word' id='word_1_139' title='bbox 722 2684 830 2760; x_wconf 54' lang='lat' dir='ltr'><strong><em>necat·</em></strong></span> <span class='ocrx_word' id='word_1_140' title='bbox 858 2675 1076 2739; x_wconf 77' lang='lat' dir='ltr'><strong><em>Testamentum</em></strong></span> <span class='ocrx_word' id='word_1_141' title='bbox 1092 2674 1181 2738; x_wconf 83' lang='lat' dir='ltr'><strong><em>Vetus</em></strong></span> <span class='ocrx_word' id='word_1_142' title='bbox 1199 2675 1361 2759; x_wconf 83' lang='lat' dir='ltr'><strong><em>repudiat,·</em></strong></span> <span class='ocrx_word' id='word_1_143' title='bbox 1380 2696 1475 2739; x_wconf 79' lang='lat' dir='ltr'><strong><em>nesam</em></strong></span> 
     </span>
     <span class='ocr_line' id='line_1_21' title="bbox 427 2775 1475 2853; baseline 0.002 -13"><span class='ocrx_word' id='word_1_144' title='bbox 427 2775 544 2853; x_wconf 75' lang='lat' dir='ltr'><strong><em>domm,</em></strong></span> <span class='ocrx_word' id='word_1_145' title='bbox 553 2776 651 2840; x_wconf 77' lang='lat' dir='ltr'><strong><em>aleam</em></strong></span> <span class='ocrx_word' id='word_1_146' title='bbox 667 2776 782 2841; x_wconf 88' lang='lat' dir='ltr'><strong><em>malam</em></strong></span> <span class='ocrx_word' id='word_1_147' title='bbox 797 2786 943 2840; x_wconf 86' lang='lat' dir='ltr'><strong><em>naturam</em></strong></span> <span class='ocrx_word' id='word_1_148' title='bbox 958 2775 1017 2840; x_wconf 81' lang='lat' dir='ltr'><strong><em>eibi</em></strong></span> <span class='ocrx_word' id='word_1_149' title='bbox 1026 2776 1156 2841; x_wconf 78' lang='lat' dir='ltr'><strong><em>invicem</em></strong></span> <span class='ocrx_word' id='word_1_150' title='bbox 1171 2777 1297 2850; x_wconf 57' lang='lat' dir='ltr'><strong><em>anesim·</em></strong></span> <span class='ocrx_word' id='word_1_151' title='bbox 1313 2787 1475 2842; x_wconf 72' lang='lat' dir='ltr'><strong><em>nmenm</em></strong></span> 
     </span>
     <span class='ocr_line' id='line_1_22' title="bbox 428 2878 1474 2964; baseline 0.001 -22"><span class='ocrx_word' id='word_1_152' title='bbox 428 2878 550 2942; x_wconf 85' lang='lat' dir='ltr'><strong><em>animae</em></strong></span> <span class='ocrx_word' id='word_1_153' title='bbox 571 2878 727 2942; x_wconf 75' lang='lat' dir='ltr'><strong><em>lentinum</em></strong></span> <span class='ocrx_word' id='word_1_154' title='bbox 744 2878 907 2942; x_wconf 72' lang='lat' dir='ltr'><strong><em>seecundum</em></strong></span> <span class='ocrx_word' id='word_1_155' title='bbox 926 2878 1130 2964; x_wconf 68' lang='lat' dir='ltr'><strong><em>Pyttaaomoe</em></strong></span> <span class='ocrx_word' id='word_1_156' title='bbox 1149 2880 1183 2941; x_wconf 91' lang='lat' dir='ltr'><strong><em>in</em></strong></span> <span class='ocrx_word' id='word_1_157' title='bbox 1196 2879 1333 2963; x_wconf 64' lang='lat' dir='ltr'><strong><em>puiades</em></strong></span> <span class='ocrx_word' id='word_1_158' title='bbox 1351 2888 1382 2943; x_wconf 90' lang='lat' dir='ltr'><strong><em>et</em></strong></span> <span class='ocrx_word' id='word_1_159' title='bbox 1402 2882 1474 2943; x_wconf 91' lang='lat' dir='ltr'><strong><em>ani·</em></strong></span> 
     </span>
     <span class='ocr_line' id='line_1_23' title="bbox 427 2980 1475 3065; baseline 0.002 -22"><span class='ocrx_word' id='word_1_160' title='bbox 427 2981 526 3043; x_wconf 77' lang='lat' dir='ltr'><strong><em>unalia</em></strong></span> <span class='ocrx_word' id='word_1_161' title='bbox 559 2989 589 3044; x_wconf 90' lang='lat' dir='ltr'><strong><em>et</em></strong></span> <span class='ocrx_word' id='word_1_162' title='bbox 617 2981 732 3043; x_wconf 79' lang='lat' dir='ltr'><strong><em>testim</em></strong></span> <span class='ocrx_word' id='word_1_163' title='bbox 762 2980 867 3042; x_wconf 88' lang='lat' dir='ltr'><strong><em>redire</em></strong></span> <span class='ocrx_word' id='word_1_164' title='bbox 894 3001 958 3065; x_wconf 80' lang='lat' dir='ltr'><strong><em>per</em></strong></span> <span class='ocrx_word' id='word_1_165' title='bbox 985 2980 1128 3045; x_wconf 85' lang='lat' dir='ltr'><strong><em>diversos</em></strong></span> <span class='ocrx_word' id='word_1_166' title='bbox 1161 2982 1308 3044; x_wconf 73' lang='lat' dir='ltr'><strong><em>reascendi</em></strong></span> <span class='ocrx_word' id='word_1_167' title='bbox 1341 2980 1475 3045; x_wconf 76' lang='lat' dir='ltr'><strong><em>circeelce</em></strong></span> 
     </span>
     <span class='ocr_line' id='line_1_24' title="bbox 428 3080 1474 3168; baseline 0 -23"><span class='ocrx_word' id='word_1_168' title='bbox 428 3083 564 3153; x_wconf 71' lang='lat' dir='ltr'><strong><em>aetruit,⁸</em></strong></span> <span class='ocrx_word' id='word_1_169' title='bbox 593 3083 853 3145; x_wconf 73' lang='lat' dir='ltr'><strong><em>resurrectionem</em></strong></span> <span class='ocrx_word' id='word_1_170' title='bbox 881 3080 990 3144; x_wconf 83' lang='lat' dir='ltr'><strong><em>carnis</em></strong></span> <span class='ocrx_word' id='word_1_171' title='bbox 1014 3090 1134 3144; x_wconf 78' lang='lat' dir='ltr'><strong><em>nemeae</em></strong></span> <span class='ocrx_word' id='word_1_172' title='bbox 1155 3090 1269 3165; x_wconf 55' lang='lat' dir='ltr'><strong><em>emach·</em></strong></span> <span class='ocrx_word' id='word_1_173' title='bbox 1293 3081 1474 3168; x_wconf 80' lang='lat' dir='ltr'><strong><em>passionem</em></strong></span> 
     </span>
    </p>
   </div>
   <div class='ocr_carea' id='block_1_3' title="bbox 429 3183 1475 3452">
    <p class='ocr_par' dir='ltr' id='par_1_4' title="bbox 429 3183 1475 3452">
     <span class='ocr_line' id='line_1_25' title="bbox 429 3183 1474 3270; baseline 0.001 -24"><span class='ocrx_word' id='word_1_174' title='bbox 429 3184 562 3246; x_wconf 77' lang='lat' dir='ltr'><strong><em>Domini</em></strong></span> <span class='ocrx_word' id='word_1_175' title='bbox 580 3192 610 3245; x_wconf 87' lang='lat' dir='ltr'><strong><em>et</em></strong></span> <span class='ocrx_word' id='word_1_176' title='bbox 623 3183 820 3245; x_wconf 80' lang='lat' dir='ltr'><strong><em>nativitatem</em></strong></span> <span class='ocrx_word' id='word_1_177' title='bbox 838 3204 903 3245; x_wconf 86' lang='lat' dir='ltr'><strong><em>uon</em></strong></span> <span class='ocrx_word' id='word_1_178' title='bbox 920 3184 957 3245; x_wconf 89' lang='lat' dir='ltr'><strong><em>in</em></strong></span> <span class='ocrx_word' id='word_1_179' title='bbox 977 3186 1109 3247; x_wconf 78' lang='lat' dir='ltr'><strong><em>veritate</em></strong></span> <span class='ocrx_word' id='word_1_180' title='bbox 1123 3186 1241 3259; x_wconf 81' lang='lat' dir='ltr'><strong><em>cornis,</em></strong></span> <span class='ocrx_word' id='word_1_181' title='bbox 1254 3184 1309 3247; x_wconf 87' lang='lat' dir='ltr'><strong><em>eed</em></strong></span> <span class='ocrx_word' id='word_1_182' title='bbox 1324 3188 1359 3247; x_wconf 91' lang='lat' dir='ltr'><strong><em>in</em></strong></span> <span class='ocrx_word' id='word_1_183' title='bbox 1368 3184 1474 3270; x_wconf 80' lang='lat' dir='ltr'><strong><em>ptan-</em></strong></span> 
     </span>
     <span class='ocr_line' id='line_1_26' title="bbox 430 3283 1237 3370; baseline 0.001 -23"><span class='ocrx_word' id='word_1_184' title='bbox 430 3284 639 3367; x_wconf 79' lang='lat' dir='ltr'><strong><em>taeiiefieieee</em></strong></span> <span class='ocrx_word' id='word_1_185' title='bbox 653 3286 828 3369; x_wconf 78' lang='lat' dir='ltr'><strong><em>confirmet,</em></strong></span> <span class='ocrx_word' id='word_1_186' title='bbox 844 3306 917 3369; x_wconf 84' lang='lat' dir='ltr'><strong><em>png.</em></strong></span> <span class='ocrx_word' id='word_1_187' title='bbox 936 3286 1007 3367; x_wconf 88' lang='lat'>189,</span> <span class='ocrx_word' id='word_1_188' title='bbox 1023 3284 1100 3349; x_wconf 86' lang='lat' dir='ltr'><strong><em>edit.</em></strong></span> <span class='ocrx_word' id='word_1_189' title='bbox 1117 3283 1237 3370; x_wconf 82' lang='lat' dir='ltr'><strong><em>Puris]</em></strong></span> 
     </span>
     <span class='ocr_line' id='line_1_27' title="bbox 471 3385 1475 3452; baseline 0.003 -3"><span class='ocrx_word' id='word_1_190' title='bbox 471 3385 588 3452; x_wconf 85' lang='lat' dir='ltr'><strong><em>Petrus</em></strong></span> <span class='ocrx_word' id='word_1_191' title='bbox 611 3385 799 3451; x_wconf 85' lang='lat' dir='ltr'><strong><em>Lumbecius</em></strong></span> <span class='ocrx_word' id='word_1_192' title='bbox 819 3386 873 3450; x_wconf 93' lang='lat' dir='ltr'><strong><em>lib.</em></strong></span> <span class='ocrx_word' id='word_1_193' title='bbox 896 3386 940 3450; x_wconf 91' lang='lat' dir='ltr'><strong><em>iii.</em></strong></span> <span class='ocrx_word' id='word_1_194' title='bbox 962 3386 1168 3451; x_wconf 74' lang='lat' dir='ltr'><strong><em>Bibliothecae</em></strong></span> <span class='ocrx_word' id='word_1_195' title='bbox 1191 3387 1346 3452; x_wconf 82' lang='lat' dir='ltr'><strong><em>Gaesnreae</em></strong></span> <span class='ocrx_word' id='word_1_196' title='bbox 1367 3387 1475 3452; x_wconf 89' lang='lat' dir='ltr'><strong><em>codice</em></strong></span> 
     </span>
    </p>
   </div>
   <div class='ocr_carea' id='block_1_4' title="bbox 429 3486 1478 4388">
    <p class='ocr_par' dir='ltr' id='par_1_5' title="bbox 429 3486 1478 4388">
     <span class='ocr_line' id='line_1_28' title="bbox 430 3486 1476 3575; baseline 0.003 -25"><span class='ocrx_word' id='word_1_197' title='bbox 430 3511 483 3550; x_wconf 78' lang='lat' dir='ltr'><strong><em>xc·</em></strong></span> <span class='ocrx_word' id='word_1_198' title='bbox 496 3487 542 3552; x_wconf 75' lang='lat' dir='ltr'><strong><em>ait</em></strong></span> <span class='ocrx_word' id='word_1_199' title='bbox 564 3487 598 3551; x_wconf 91' lang='lat' dir='ltr'><strong><em>in</em></strong></span> <span class='ocrx_word' id='word_1_200' title='bbox 612 3509 650 3551; x_wconf 93' lang='lat' dir='ltr'><strong><em>eo</em></strong></span> <span class='ocrx_word' id='word_1_201' title='bbox 673 3488 781 3552; x_wconf 88' lang='lat' dir='ltr'><strong><em>codiee</em></strong></span> <span class='ocrx_word' id='word_1_202' title='bbox 805 3486 961 3551; x_wconf 81' lang='lat' dir='ltr'><strong><em>contineri</em></strong></span> <span class='ocrx_word' id='word_1_203' title='bbox 982 3488 1132 3573; x_wconf 73' lang='lat' dir='ltr'><strong><em>anonymi</em></strong></span> <span class='ocrx_word' id='word_1_204' title='bbox 1151 3489 1316 3575; x_wconf 82' lang='lat' dir='ltr'><strong><em>cujusdam</em></strong></span> <span class='ocrx_word' id='word_1_205' title='bbox 1336 3489 1476 3554; x_wconf 80' lang='lat' dir='ltr'><strong><em>auctoris</em></strong></span> 
     </span>
     <span class='ocr_line' id='line_1_29' title="bbox 429 3590 1475 3675; baseline 0.001 -21"><span class='ocrx_word' id='word_1_206' title='bbox 429 3591 590 3675; x_wconf 78' lang='lat' dir='ltr'><strong><em>epitomen</em></strong></span> <span class='ocrx_word' id='word_1_207' title='bbox 610 3590 818 3675; x_wconf 79' lang='lat' dir='ltr'><strong><em>expositionis</em></strong></span> <span class='ocrx_word' id='word_1_208' title='bbox 840 3590 1001 3655; x_wconf 79' lang='lat' dir='ltr'><strong><em>vanorum</em></strong></span> <span class='ocrx_word' id='word_1_209' title='bbox 1023 3590 1214 3655; x_wconf 76' lang='lat' dir='ltr'><strong><em>Sanctorum</em></strong></span> <span class='ocrx_word' id='word_1_210' title='bbox 1236 3592 1383 3669; x_wconf 83' lang='lat' dir='ltr'><strong><em>Petrum,</em></strong></span> <span class='ocrx_word' id='word_1_211' title='bbox 1398 3591 1475 3655; x_wconf 82' lang='lat' dir='ltr'><strong><em>olio·</em></strong></span> 
     </span>
     <span class='ocr_line' id='line_1_30' title="bbox 430 3691 1476 3779; baseline 0 -22"><span class='ocrx_word' id='word_1_212' title='bbox 430 3715 563 3778; x_wconf 85' lang='lat' dir='ltr'><strong><em>rumque</em></strong></span> <span class='ocrx_word' id='word_1_213' title='bbox 574 3699 717 3757; x_wconf 83' lang='lat' dir='ltr'><strong><em>veterum</em></strong></span> <span class='ocrx_word' id='word_1_214' title='bbox 728 3692 927 3776; x_wconf 83' lang='lat' dir='ltr'><strong><em>Scu‘ptorum</em></strong></span> <span class='ocrx_word' id='word_1_215' title='bbox 941 3691 1247 3769; x_wconf 77' lang='lat' dir='ltr'><strong><em>Ecclesiasticouum,</em></strong></span> <span class='ocrx_word' id='word_1_216' title='bbox 1258 3693 1292 3756; x_wconf 90' lang='lat' dir='ltr'><strong><em>in</em></strong></span> <span class='ocrx_word' id='word_1_217' title='bbox 1301 3692 1476 3779; x_wconf 72' lang='lat' dir='ltr'><strong><em>Evangelio</em></strong></span> 
     </span>
     <span class='ocr_line' id='line_1_31' title="bbox 430 3794 1474 3871; baseline -0.002 -10"><span class='ocrx_word' id='word_1_218' title='bbox 430 3798 604 3861; x_wconf 83' lang='lat' dir='ltr'><strong><em>secundum</em></strong></span> <span class='ocrx_word' id='word_1_219' title='bbox 631 3795 839 3870; x_wconf 79' lang='lat' dir='ltr'><strong><em>Metthaeum,</em></strong></span> <span class='ocrx_word' id='word_1_220' title='bbox 869 3794 1000 3869; x_wconf 82' lang='lat' dir='ltr'><strong><em>Lucum,</em></strong></span> <span class='ocrx_word' id='word_1_221' title='bbox 1031 3803 1065 3860; x_wconf 91' lang='lat' dir='ltr'><strong><em>et</em></strong></span> <span class='ocrx_word' id='word_1_222' title='bbox 1093 3794 1263 3869; x_wconf 84' lang='lat' dir='ltr'><strong><em>Joennem,</em></strong></span> <span class='ocrx_word' id='word_1_223' title='bbox 1293 3802 1328 3859; x_wconf 87' lang='lat' dir='ltr'><strong><em>et</em></strong></span> <span class='ocrx_word' id='word_1_224' title='bbox 1355 3795 1474 3871; x_wconf 82' lang='lat' dir='ltr'><strong><em>subdit,</em></strong></span> 
     </span>
     <span class='ocr_line' id='line_1_32' title="bbox 432 3894 1476 3981; baseline -0.002 -22"><span class='ocrx_word' id='word_1_225' title='bbox 432 3896 581 3960; x_wconf 78' lang='lat' dir='ltr'><strong><em>Oaterum</em></strong></span> <span class='ocrx_word' id='word_1_226' title='bbox 602 3897 684 3981; x_wconf 85' lang='lat' dir='ltr'><strong><em>quod</em></strong></span> <span class='ocrx_word' id='word_1_227' title='bbox 704 3896 749 3960; x_wconf 88' lang='lat' dir='ltr'><strong><em>nd</em></strong></span> <span class='ocrx_word' id='word_1_228' title='bbox 767 3906 906 3961; x_wconf 78' lang='lat' dir='ltr'><strong><em>erectores</em></strong></span> <span class='ocrx_word' id='word_1_229' title='bbox 928 3898 1071 3981; x_wconf 77' lang='lat' dir='ltr'><strong><em>antiqtece</em></strong></span> <span class='ocrx_word' id='word_1_230' title='bbox 1091 3897 1127 3960; x_wconf 86' lang='lat' dir='ltr'><strong><em>in</em></strong></span> <span class='ocrx_word' id='word_1_231' title='bbox 1151 3895 1289 3981; x_wconf 71' lang='lat' dir='ltr'><strong><em>maraine</em></strong></span> <span class='ocrx_word' id='word_1_232' title='bbox 1313 3894 1358 3959; x_wconf 82' lang='lat' dir='ltr'><strong><em>ili</em></strong></span> <span class='ocrx_word' id='word_1_233' title='bbox 1382 3915 1476 3959; x_wconf 86' lang='lat' dir='ltr'><strong><em>anuc-</em></strong></span> 
     </span>
     <span class='ocr_line' id='line_1_33' title="bbox 430 3996 1478 4084; baseline -0.003 -23"><span class='ocrx_word' id='word_1_234' title='bbox 430 4006 710 4081; x_wconf 68' lang='lat' dir='ltr'><strong><em>commanerem</em></strong></span> <span class='ocrx_word' id='word_1_235' title='bbox 732 3996 872 4084; x_wconf 80' lang='lat' dir='ltr'><strong><em>operibus</em></strong></span> <span class='ocrx_word' id='word_1_236' title='bbox 891 3998 1018 4083; x_wconf 86' lang='lat' dir='ltr'><strong><em>epitome</em></strong></span> <span class='ocrx_word' id='word_1_237' title='bbox 1037 3997 1098 4061; x_wconf 86' lang='lat' dir='ltr'><strong><em>ieta</em></strong></span> <span class='ocrx_word' id='word_1_238' title='bbox 1112 3997 1232 4062; x_wconf 84' lang='lat' dir='ltr'><strong><em>collecta</em></strong></span> <span class='ocrx_word' id='word_1_239' title='bbox 1251 4007 1303 4073; x_wconf 82' lang='lat' dir='ltr'><strong><em>eet,</em></strong></span> <span class='ocrx_word' id='word_1_240' title='bbox 1318 3997 1433 4073; x_wconf 83' lang='lat' dir='ltr'><strong><em>attinet,</em></strong></span> <span class='ocrx_word' id='word_1_241' title='bbox 1449 3996 1478 4059; x_wconf 88' lang='lat' dir='ltr'><strong><em>ii</em></strong></span> 
     </span>
     <span class='ocr_line' id='line_1_34' title="bbox 430 4097 1476 4187; baseline 0 -26"><span class='ocrx_word' id='word_1_242' title='bbox 430 4098 537 4162; x_wconf 88' lang='lat' dir='ltr'><strong><em>ordine</em></strong></span> <span class='ocrx_word' id='word_1_243' title='bbox 550 4097 737 4184; x_wconf 64' lang='lat' dir='ltr'><strong><em>amlaletieo</em></strong></span> <span class='ocrx_word' id='word_1_244' title='bbox 753 4109 823 4164; x_wconf 88' lang='lat' dir='ltr'><strong><em>sunt</em></strong></span> <span class='ocrx_word' id='word_1_245' title='bbox 836 4099 879 4176; x_wconf 83' lang='lat' dir='ltr'><strong><em>m,</em></strong></span> <span class='ocrx_word' id='word_1_246' title='bbox 895 4098 1092 4184; x_wconf 78' lang='lat' dir='ltr'><strong><em>Apollinaris</em></strong></span> <span class='ocrx_word' id='word_1_247' title='bbox 1104 4099 1261 4187; x_wconf 78' lang='lat' dir='ltr'><strong><em>epiecopm</em></strong></span> <span class='ocrx_word' id='word_1_248' title='bbox 1275 4099 1476 4174; x_wconf 75' lang='lat' dir='ltr'><strong><em>laodicenus,</em></strong></span> 
     </span>
     <span class='ocr_line' id='line_1_35' title="bbox 431 4200 1476 4289; baseline -0.002 -24"><span class='ocrx_word' id='word_1_249' title='bbox 431 4202 464 4265; x_wconf 74' lang='lat' dir='ltr'><strong><em>S.</em></strong></span> <span class='ocrx_word' id='word_1_250' title='bbox 495 4200 669 4267; x_wconf 74' lang='lat' dir='ltr'><strong><em>Archelaus</em></strong></span> <span class='ocrx_word' id='word_1_251' title='bbox 703 4202 864 4266; x_wconf 73' lang='lat' dir='ltr'><strong><em>amotam</em></strong></span> <span class='ocrx_word' id='word_1_252' title='bbox 899 4201 935 4265; x_wconf 87' lang='lat' dir='ltr'><strong><em>in</em></strong></span> <span class='ocrx_word' id='word_1_253' title='bbox 968 4201 1191 4288; x_wconf 81' lang='lat' dir='ltr'><strong><em>Mesopotamia</em></strong></span> <span class='ocrx_word' id='word_1_254' title='bbox 1227 4202 1381 4289; x_wconf 81' lang='lat' dir='ltr'><strong><em>episeopus</em></strong></span> <span class='ocrx_word' id='word_1_255' title='bbox 1419 4201 1476 4263; x_wconf 79' lang='lat' dir='ltr'><strong><em>tm.</em></strong></span> 
     </span>
     <span class='ocr_line' id='line_1_36' title="bbox 434 4301 1477 4388; baseline 0 -22"><span class='ocrx_word' id='word_1_256' title='bbox 434 4302 523 4386; x_wconf 92' lang='lat' dir='ltr'><strong><em>[Hoc</em></strong></span> <span class='ocrx_word' id='word_1_257' title='bbox 546 4302 696 4369; x_wconf 76' lang='lat' dir='ltr'><strong><em>Archelai</em></strong></span> <span class='ocrx_word' id='word_1_258' title='bbox 720 4303 960 4388; x_wconf 79' lang='lat' dir='ltr'><strong><em>Fragmentum,</em></strong></span> <span class='ocrx_word' id='word_1_259' title='bbox 985 4304 1070 4387; x_wconf 89' lang='lat' dir='ltr'><strong><em>quod</em></strong></span> <span class='ocrx_word' id='word_1_260' title='bbox 1091 4303 1134 4368; x_wconf 83' lang='lat' dir='ltr'><strong><em>ed</em></strong></span> <span class='ocrx_word' id='word_1_261' title='bbox 1156 4302 1394 4388; x_wconf 78' lang='lat' dir='ltr'><strong><em>Disputationis</em></strong></span> <span class='ocrx_word' id='word_1_262' title='bbox 1415 4301 1477 4367; x_wconf 83' lang='lat' dir='ltr'><strong><em>osl-</em></strong></span> 
     </span>
    </p>
   </div>
   <div class='ocr_carea' id='block_1_5' title="bbox 382 4526 1442 4671">
    <p class='ocr_par' dir='ltr' id='par_1_6' title="bbox 382 4526 1442 4671">
     <span class='ocr_line' id='line_1_37' title="bbox 464 4526 1442 4593; baseline 0.001 -18"><span class='ocrx_word' id='word_1_263' title='bbox 464 4529 478 4566; x_wconf 65' lang='grc' dir='ltr'><em>ἀ</em></span> <span class='ocrx_word' id='word_1_264' title='bbox 491 4526 546 4576; x_wconf 80' lang='lat' dir='ltr'><strong><em>tis.</em></strong></span> <span class='ocrx_word' id='word_1_265' title='bbox 558 4528 710 4590; x_wconf 78' lang='lat' dir='ltr'><strong><em>comparabit.</em></strong></span> <span class='ocrx_word' id='word_1_266' title='bbox 788 4538 800 4566; x_wconf 66' lang='lat' dir='ltr'><strong><em>e</em></strong></span> <span class='ocrx_word' id='word_1_267' title='bbox 816 4528 872 4590; x_wconf 84' lang='lat' dir='ltr'><strong><em>[tor.</em></strong></span> <span class='ocrx_word' id='word_1_268' title='bbox 886 4528 1033 4591; x_wconf 62' lang='lat' dir='ltr'><strong><em>Curlieiue]</em></strong></span> <span class='ocrx_word' id='word_1_269' title='bbox 1113 4528 1237 4580; x_wconf 68' lang='lat' dir='ltr'><strong><em>‘Videtur</em></strong></span> <span class='ocrx_word' id='word_1_270' title='bbox 1247 4530 1375 4593; x_wconf 74' lang='lat' dir='ltr'><strong><em>legentum</em></strong></span> <span class='ocrx_word' id='word_1_271' title='bbox 1387 4537 1442 4577; x_wconf 78' lang='lat' dir='ltr'><strong><em>tres.</em></strong></span> 
     </span>
     <span class='ocr_line' id='line_1_38' title="bbox 382 4604 1265 4671; baseline 0.005 -17"><span class='ocrx_word' id='word_1_272' title='bbox 382 4604 387 4612; x_wconf 85' lang='lat'>&#39;</span> <span class='ocrx_word' id='word_1_273' title='bbox 646 4617 660 4655; x_wconf 79' lang='lat' dir='ltr'><strong><em>t</em></strong></span> <span class='ocrx_word' id='word_1_274' title='bbox 674 4606 729 4656; x_wconf 82' lang='lat' dir='ltr'><strong><em>MS.</em></strong></span> <span class='ocrx_word' id='word_1_275' title='bbox 741 4622 785 4671; x_wconf 81' lang='lat' dir='ltr'><strong><em>per</em></strong></span> <span class='ocrx_word' id='word_1_276' title='bbox 796 4608 889 4671; x_wconf 75' lang='lat' dir='ltr'><strong><em>assidue.</em></strong></span> <span class='ocrx_word' id='word_1_277' title='bbox 1022 4610 1036 4648; x_wconf 83' lang='lat' dir='ltr'>h</span> <span class='ocrx_word' id='word_1_278' title='bbox 1049 4609 1104 4659; x_wconf 77' lang='lat' dir='ltr'><strong><em>MS.</em></strong></span> <span class='ocrx_word' id='word_1_279' title='bbox 1119 4612 1265 4659; x_wconf 84' lang='lat' dir='ltr'><strong><em>Curbieium.</em></strong></span> 
     </span>
    </p>
   </div>
   <div class='ocr_carea' id='block_1_6' title="bbox 0 0 1925 5692">
    <p class='ocr_par' dir='ltr' id='par_1_7' title="bbox 0 0 1925 5692">
     <span class='ocr_line' id='line_1_39' title="bbox 0 0 1925 5692; baseline 0 0"><span class='ocrx_word' id='word_1_280' title='bbox 0 0 1925 5692; x_wconf 95' lang='lat' dir='ltr'><strong><em> </em></strong></span> 
     </span>
    </p>
   </div>
  </div>
 </body>
</html>
