3817 5692
424 799 489 861 332
629 794 901 859 SYMBOLUM
927 794 1267 871 AQUILEIENSE.

426 968 549 1047 unico
572 964 678 1045 Filio
697 967 799 1073 ejus,
821 963 1004 1045 Domino
1029 977 1180 1045 nostro.
1241 964 1325 1052 Qui
1352 976 1476 1045 natus

426 1121 488 1187 est
508 1109 560 1188 de
580 1108 736 1216 Spiritu
758 1107 907 1188 Sancto
927 1133 979 1187 ex
995 1105 1130 1186 Maria
1144 1106 1342 1214 Virgine3
1371 1107 1473 1186 Cru-

425 1366 467 1420 los
487 1365 628 1421 hereticos
651 1365 745 1420 addito
763 1365 881 1439 quodum
903 1365 1039 1429 uidentur,
1057 1383 1111 1438 per
1133 1383 1191 1439 quae
1214 1365 1324 1421 novelle
1346 1365 1477 1420 doctrino

425 1482 519 1518 sensus
543 1464 699 1518 crederetur
720 1461 835 1517 encludi.
878 1460 940 1517 Nos
967 1470 1056 1517 tomen
1084 1461 1159 1517 illum
1185 1462 1305 1516 ordinem
1327 1461 1476 1536 sequimur,

426 1578 503 1633 quem
531 1560 559 1614 in
585 1558 754 1633 Aquileiensi
780 1557 893 1613 ecclesio
918 1558 1023 1613 lauacri
1047 1559 1140 1633 qratia
1163 1559 1329 1633 suscepimus
1357 1578 1384 1632 p.
1412 1575 1476 1629 ¹70·

427 1654 493 1709 edit.
510 1652 599 1709 Paris.
615 1673 645 1727 p.
659 1670 703 1726 17.
718 1653 763 1709 ed.
776 1652 844 1709 Fell.
860 1654 970 1710 collatis
984 1653 1095 1710 duobus
1110 1652 1199 1710 MSS.
1214 1654 1297 1711 Bodl.
1313 1663 1342 1710 et
1353 1654 1477 1728 Collegii

427 1749 558 1824 Magdal.

467 1845 627 1904 ⁴0REDO
652 1848 681 1902 in
706 1848 768 1904 Deo
795 1848 887 1911 Patre,
914 1847 1115 1921 omnipotenti]
1144 1847 1277 1903 Proxime
1304 1855 1370 1921 post
1392 1847 1479 1902 allata

426 1945 488 2006 hac
512 1943 599 2000 verba
627 1945 725 2000 scribit
750 1944 887 2010 Rufinus;
917 1944 1072 2000 Orientales
1095 1944 1212 2000 ecclesie
1235 1962 1325 2000 ornnes
1339 1963 1410 2020 pene
1439 1946 1479 1998 ito

426 2042 546 2105 trudunt,
579 2042 664 2097 Credo
692 2042 720 2097 in
747 2060 798 2096 uno
823 2040 885 2096 Deo
911 2043 997 2097 Putre
1023 2043 1204 2115 omnipotenti.
1246 2041 1289 2098 Et
1311 2059 1421 2096 rursum
1450 2042 1478 2095 in

427 2139 549 2212 sequenti
568 2156 698 2205 sermone,
712 2137 758 2192 ubi
779 2156 827 2194 uos
848 2138 970 2202 dicimus,
986 2138 1025 2193 Et
1048 2140 1075 2194 in
1098 2138 1207 2195 Cltristo
1220 2138 1288 2193 lesu
1310 2138 1388 2193 unico
1401 2137 1480 2193 Filio

428 2235 495 2307 ejus,
512 2234 628 2290 Domino
651 2242 753 2299 nostro,
776 2234 820 2288 illi
841 2235 962 2301 trudunt,
978 2234 1020 2290 lit
1039 2236 1065 2289 in
1091 2252 1143 2289 uno
1165 2234 1281 2289 Domino
1298 2242 1392 2290 nostro
1408 2234 1480 2289 Jesu

430 2329 548 2394 Christo,
565 2330 643 2386 unico
657 2329 731 2386 Filio
745 2332 812 2402 q'us.
828 2350 855 2404 p.
870 2347 936 2403 ¹71·
951 2349 980 2404 p.
995 2330 1039 2386 18.
1056 2330 1099 2386 ed.
1115 2330 1183 2386 Fell.

469 2425 624 2482 ¹invisibili
652 2434 682 2483 et
708 2426 888 2500 impassibili]
919 2426 968 2481 Ait
995 2427 1133 2483 Rufinus:
1165 2426 1307 2483 Sciendum
1330 2428 1404 2502 quod
1426 2428 1481 2483 duo

426 2525 475 2579 isti
491 2542 627 2580 sermones
645 2525 673 2580 in
692 2524 810 2580 ecclesio
825 2525 953 2579 Ronmnoe
968 2523 1096 2597 Syorlolo
1115 2543 1166 2580 non
1181 2524 1320 2581 iubentur.
1365 2524 1481 2581 Constat

427 2630 515 2676 autem
529 2621 601 2696 opud
619 2640 668 2677 nos
689 2620 795 2677 additos
809 2620 941 2676 hereseos
960 2639 1042 2676 causo
1058 2620 1172 2676 Sabellii
1185 2621 1260 2676 illius
1268 2620 1404 2696 profecto,
1421 2641 1481 2695 qua

429 2736 445 2772 o
467 2718 569 2774 nostris
588 2718 799 2794 Putrrpossiuno
820 2717 986 2792 appellatur,
1002 2718 1032 2774 id
1051 2726 1101 2785 est,
1117 2736 1174 2792 quae
1194 2716 1307 2774 Putrem
1328 2718 1415 2792 ipsum
1438 2719 1484 2774 uel

428 2835 461 2871 ec
474 2817 578 2890 uirqine
592 2823 683 2871 notum
697 2815 774 2879 dicit,
789 2822 816 2870 et
830 2814 961 2870 visibilem
972 2814 1082 2887 fuctum
1101 2832 1159 2870 esse
1172 2814 1215 2870 uel
1226 2832 1341 2888 passum
1360 2816 1481 2889 uffinnut

429 2912 456 2966 in
479 2929 568 2966 corne.
614 2910 651 2967 Ut
672 2929 736 2984 erqo
761 2909 946 2966 excluderetur
967 2910 1032 2965 tulis
1052 2910 1176 2984 impietus
1196 2910 1228 2965 de
1242 2911 1337 2976 Patre,
1351 2911 1482 2968 uidentur

429 3007 486 3063 lvec
508 3007 644 3063 addidisse
665 3008 792 3079 majores,
814 3013 841 3061 et
865 3006 1026 3063 invisibilem
1049 3005 1163 3062 Putrem
1184 3015 1264 3082 atque
1285 3008 1480 3082 impossibilem

428 3105 537 3160 diuisos.
558 3123 586 3178 p.
602 3119 634 3177 17
638 3120 668 3174 3.
690 3122 718 3177 p.
731 3121 776 3179 19.
791 3103 835 3159 ed.
851 3103 920 3158 Fell.
963 3104 997 3159 Iu
1018 3104 1102 3178 hujus
1116 3122 1184 3159 vero
1199 3105 1405 3161 Commentarii
1422 3124 1478 3160 no·

428 3201 544 3256 vissima
564 3200 697 3264 editione,
713 3219 774 3275 quae
796 3200 845 3255 fini
859 3199 1020 3256 Baluzianae
1040 3200 1172 3256 editionis
1187 3199 1218 3256 S.
1229 3199 1364 3275 Cypriani
1387 3221 1478 3276 appo-

429 3298 484 3355 sita
510 3306 566 3361 est,
591 3296 739 3353 annotavit
766 3295 827 3352 haec
855 3296 948 3352 editor
971 3295 1182 3353 Benedictiaus.
1225 3296 1342 3352 “Credo
1366 3300 1394 3353 in
1414 3299 1480 3355 Deo

429 3404 448 3426 ⁴‘
458 3403 542 3469 putre
556 3397 742 3468 omnipotente.
786 3392 834 3450 Sic
848 3400 907 3448 tres
920 3390 1010 3449 MSS.
1025 3392 1137 3449 codices
1159 3411 1223 3448 cnm
1245 3393 1345 3450 Remb.
1360 3394 1477 3452 Erasm.

430 3500 448 3523 ‘⁴
464 3500 493 3547 et
507 3491 611 3547 Morel.
626 3500 656 3549 et
670 3491 710 3546 sic
724 3491 752 3546 in
768 3489 950 3563 sequentibus
965 3489 1098 3554 maculis,
1110 3488 1226 3545 Christo
1240 3490 1288 3545 &a
1334 3490 1478 3549 Pamelius

431 3596 449 3620 ‘¹
466 3588 511 3644 his
529 3588 558 3643 in
577 3587 647 3644 locis
664 3585 854 3643 accusativum
871 3585 976 3660 posuit,
991 3592 1052 3642 tum
1074 3586 1139 3659 quia
1159 3587 1199 3643 sic
1222 3587 1330 3643 invenit
1353 3588 1383 3643 in
1404 3589 1427 3644 F
1428 3609 1477 3645 ro-

431 3692 450 3716 “
464 3686 585 3742 beniana
599 3693 628 3741 et
642 3686 671 3741 in
686 3684 747 3740 aliis
761 3683 871 3739 duobus
885 3683 1006 3741 vetustis
1020 3683 1201 3749 editionibus,
1214 3692 1275 3740 turn
1290 3685 1355 3759 quia
1368 3685 1409 3741 sic
1423 3686 1477 3743 ba·

432 3792 449 3812 ¹¹
466 3783 535 3838 bent
554 3782 609 3838 tria
627 3781 702 3855 apud
717 3780 925 3856 Hieronymum
944 3779 1082 3856 symbola,
1096 3790 1126 3837 et
1150 3782 1190 3837 sic
1207 3781 1269 3857 ipse
1284 3781 1481 3857 Hieronymus

432 3887 449 3909 “
462 3879 491 3934 in
513 3879 626 3952 dialogo
648 3878 784 3934 adversus
798 3877 1002 3942 Luciferiauos,
1017 3896 1073 3933 uno
1090 3878 1154 3934 loeo
1173 3886 1310 3955 excepto;
1333 3880 1374 3936 sic
1389 3866 1481 3937 etiarn

432 3985 449 4007 ‘⁴
465 3975 569 4049 ubique
580 3975 766 4050 Augustinus.
802 3973 911 4030 Verum
926 3973 1042 4031 Pamelii
1055 3975 1179 4032 rationes
1193 3977 1315 4051 probant
1328 3977 1398 4034 illud
1415 3980 1481 4051 qui-

432 4081 450 4104 “
466 4072 571 4128 demin
582 4072 723 4145 plerisque
734 4071 879 4148 Symbolis
890 4071 945 4128 dici
956 4072 1057 4137 solere,
1071 4071 1157 4129 Credo
1168 4075 1195 4129 in
1205 4074 1308 4130 Deum:
1323 4082 1352 4130 at
1362 4074 1482 4132 minime

432 4167 588 4242 “probant
610 4166 650 4222 sic
673 4168 759 4224 etiam
782 4168 910 4225 extitisse
932 4168 962 4223 in
984 4167 1121 4241 Symbola
1136 4170 1262 4226 ecclesia
1277 4171 1481 4245 Aquileiensis.

431 4272 449 4296 ‘⁴
466 4263 630 4333 Quinetiam
645 4282 701 4337 quo
716 4263 847 4320 usitatior
867 4272 928 4321 erat
949 4266 1125 4324 accusativus
1146 4268 1175 4324 in
1191 4266 1346 4342 Symb0103
1369 4287 1404 4325 eo
1425 4270 1481 4325 mi·

431 4369 449 4392 ‘⁴
465 4379 518 4417 nus
528 4359 675 4435 probabile
689 4367 742 4424 est,
752 4358 882 4418 librarios
893 4360 937 4417 vel
948 4361 1057 4419 incana
1068 4362 1114 4419 vel
1124 4362 1160 4419 de
1173 4363 1312 4421 industria
1325 4364 1482 4423 ablativum

431 4466 449 4487 “
465 4457 495 4512 in
509 4456 564 4513 hoc
578 4457 713 4532 Symbolo
727 4456 864 4532 posuisse.
907 4456 950 4514 At
971 4459 1087 4516 minime
1108 4461 1222 4529 mirum,
1240 4462 1264 4517 si
1285 4479 1350 4517 cum
1371 4461 1480 4535 reperi·

431 4563 449 4585 ¹‘
465 4562 529 4610 rent
540 4554 702 4619 ablativum,
712 4553 838 4611 novitate
849 4555 950 4612 offensi
961 4558 1152 4615 accusativum
1167 4558 1347 4616 inseruerint.
1369 4558 1481 4627 Quam.

432 4659 449 4682 ¹¹
465 4650 564 4707 obrem
581 4651 694 4709 codices
714 4653 744 4708 in
762 4652 863 4726 quibus
880 4653 986 4729 legitur
1002 4655 1089 4711 Credo
1103 4659 1131 4712 in
1145 4657 1206 4713 Deo
1220 4658 1273 4716 lic.
1287 4664 1314 4713 et
1324 4656 1352 4712 in
1368 4654 1482 4713 Christo

432 4754 450 4777 ¹‘
466 4748 516 4805 &a
535 4755 562 4804 et
582 4752 610 4805 in
627 4748 734 4824 Spiritu
748 4748 852 4808 Sancto
865 4752 918 4808 uc.
933 4751 1066 4810 videntur
1086 4753 1156 4811 mihi
1177 4753 1335 4813 maranus
1355 4770 1480 4811 consue-
