3817 5692
493 712 557 774 182
716 709 971 776 ARCHELAI
1003 711 1067 773 ET
1100 709 1320 774 MANETIS

492 889 645 973 habens3
671 891 731 961 sed
750 914 796 961 ne
817 891 854 961 in
872 914 1021 963 numero
1039 890 1183 983 quidem
1201 889 1451 982 discipulomm
1478 912 1541 982 po-

491 1007 589 1088 situs,
607 1030 723 1100 neque
748 1008 930 1078 Defuncto
947 1016 1068 1078 nostro
1085 1007 1285 1090 obsecutus,
1303 1007 1404 1098 cujus
1428 1005 1541 1076 haere-

491 1121 603 1193 ditate
619 1124 835 1217 gaudemus;
863 1147 945 1194 cum
963 1146 1080 1216 neque
1097 1124 1131 1193 ei
1148 1122 1331 1216 languenti
1353 1121 1539 1203 adstiterit,

490 1261 561 1308 non
579 1240 681 1311 testis
697 1240 858 1312 extiterit
876 1240 1093 1321 testamenti,
1111 1239 1182 1308 imo
1200 1239 1318 1331 potius
1335 1260 1416 1308 oum
1435 1260 1481 1307 ne
1503 1238 1539 1307 in

490 1353 655 1425 notitiam
681 1355 824 1449 quidem
856 1355 995 1426 venerit
1021 1377 1156 1435 eorum,
1181 1354 1242 1446 qui
1272 1354 1431 1424 obsecuti
1456 1364 1539 1423 sunt

489 1471 698 1562 aegrotanti:
723 1479 903 1564 postremo
936 1493 1019 1540 cum
1051 1468 1183 1541 nullius
1216 1490 1356 1561 prorsus
1388 1468 1539 1561 accipiat

489 1585 744 1668 testimonium,
774 1586 992 1658 Paraclitum
1026 1608 1065 1657 se
1098 1608 1175 1656 esse
1205 1584 1283 1655 vult
1312 1585 1429 1667 oredi;
1456 1606 1539 1655 cum

488 1700 598 1771 ctiam
623 1702 653 1772 si
678 1703 788 1797 signa,
806 1712 845 1774 et
863 1702 1022 1797 prodigia
1037 1702 1181 1784 faceres
1199 1700 1325 1771 falsum
1344 1698 1538 1782 Christum,

488 1823 528 1885 ct
544 1816 673 1887 falsum
687 1814 904 1909 Prophetam
921 1826 960 1888 te
976 1816 1131 1909 reputari
1144 1824 1325 1908 oporteret
1342 1817 1538 1885 secundum

489 1930 699 2023 scripturas3
725 1940 763 2003 et
788 1932 870 2004 ideo
895 1933 1062 2003 convenit
1090 1953 1155 2002 nos
1182 1930 1322 2002 cautius
1348 1954 1463 2024 agere,
1485 1952 1539 2001 se-

488 2045 644 2116 cundum
681 2047 778 2137 quod
809 2047 935 2117 beatus
964 2045 1162 2139 Apostolus
1188 2056 1322 2127 monet,
1351 2047 1472 2118 dicens
1500 2048 1538 2116 in

488 2161 648 2254 epistola,
666 2172 793 2253 tquam
811 2161 1079 2235 Colossensibus
1096 2163 1236 2255 scripsit
1253 2159 1475 2233 ‘Permaneto
1499 2160 1538 2232 im

477 2273 554 2368 fide
559 2272 721 2369 fundati,
737 2285 769 2348 ct
785 2275 944 2361 radicati,
963 2286 995 2348 et
1012 2275 1200 2349 immobiles
1216 2274 1258 2347 ab
1270 2300 1330 2371 ape
1342 2275 1538 2373 Erumpelii,

488 2387 581 2483 quod
596 2387 821 2472 *audicimus
839 2390 932 2485 qaod
949 2390 1168 2486 predicatum
1193 2400 1242 2462 est
1267 2391 1306 2461 im
1329 2392 1425 2462 ommi
1445 2414 1538 2462 crea-

487 2511 579 2588 tura,
597 2527 675 2600 quae
686 2504 748 2577 aab
765 2504 847 2578 caelo
863 2515 922 2579 cot.
976 2508 1024 2578 Et
1047 2529 1196 2591 rursum,
1214 2505 1332 2579 'Siout
1348 2529 1428 2603 erpo
1445 2530 1538 2579 acce·

484 2619 588 2713 piatis
606 2618 785 2693 Christum
802 2620 925 2693 Jesum
942 2620 1146 2706 Dominum,
1172 2622 1233 2693 ‘im
1259 2623 1335 2716 ipso
1360 2619 1537 2704 ambulate,

486 2734 649 2820 radicati,
666 2735 854 2832 etfimdoti
870 2762 974 2834 super
991 2740 1114 2834 iprum,
1128 2737 1417 2834 comfirmutifidc,
1433 2737 1538 2809 mardi

487 2848 912 2934 amirmahummet
938 2855 978 2926 io
998 2857 1199 2952 pretiorum
1225 2857 1367 2927 actione.
1420 2851 1538 2924 Videte

487 2987 529 3035 ae
545 2964 623 3058 quis
640 2989 698 3037 roa
714 2964 885 3063 ¹’eupolim
904 2993 973 3064 per
992 2968 1257 3065 philosophiam,
1275 2978 1308 3041 et
1324 2969 1460 3039 inumera
1486 2990 1537 3037 se·

486 3079 690 3167 ductionem,
714 3084 899 3156 secondum
924 3084 1086 3156 elementa
1111 3082 1243 3165 mundi,
1267 3090 1299 3154 et
1323 3104 1393 3153 mom
1417 3103 1536 3151 secum-

485 3194 567 3267 dum
586 3195 776 3283 Christum,
795 3201 878 3294 quio
904 3202 942 3271 im
968 3201 1044 3294 ipso
1068 3197 1198 3271 habitat
1223 3199 1336 3270 ommia
1354 3194 1536 3292 phoitudo

485 3309 648 3385 Deitatis.
702 3316 840 3400 Quibus
867 3317 1033 3388 omnibus
1060 3317 1112 3386 ita
1138 3315 1326 3410 diligenter
1356 3311 1536 3405 expositis,

487 3428 612 3500 beatus
638 3429 841 3522 Apostolus,
870 3432 969 3503 velut
995 3441 1096 3524 pater
1121 3431 1213 3514 liliis,
1241 3431 1340 3503 addit
1368 3438 1536 3520 tanquam

485 3544 705 3638 signaculum
735 3547 912 3640 quoddam
943 3549 1147 3619 testamenti
1179 3547 1310 3629 dicens,
1333 3543 1535 3619 'Certamen

526 3827 540 3871 t
555 3816 674 3884 Vocem,
688 3818 784 3889 Quam,
800 3839 853 3878 noa
868 3820 1038 3886 addidimus,
1048 3820 1089 3876 ita
1099 3837 1184 3877 sensu
1199 3824 1344 3893 poscente.
1379 3815 1438 3874 Aut
1450 3813 1534 3879 forte,

485 3916 599 3989 scripta
613 3915 778 3991 legendum.

526 4020 540 4050 ²
555 4011 590 4067 ln
605 4012 739 4088 Vulgata,
750 4015 885 4071 Audiatia.

524 4120 540 4151 ⁸
555 4108 600 4165 lta
616 4110 757 4185 vulgatu
780 4111 808 4167 in
823 4110 921 4168 codice
935 4119 1031 4168 autern
1046 4108 1195 4167 casinensi
1208 4107 1324 4183 legitur,
1339 4106 1367 4160 in
1381 4104 1477 4179 ipsam.

523 4205 540 4250 b
555 4208 718 4267 casinensis
733 4212 833 4277 codex,
845 4209 970 4286 crpoliet,
985 4219 1012 4266 et
1021 4229 1085 4286 per.
1127 4208 1215 4285 Cypr.
1228 4206 1309 4265 initio
1323 4204 1387 4261 libri
1402 4203 1438 4260 de
1453 4203 1536 4260 Bono

483 4305 629 4362 Patientia
640 4304 738 4371 habet,
753 4307 933 4382 Depraedetrr
941 4325 996 4382 per
1009 4306 1223 4380 Philoropht'am,
1240 4303 1341 4360 Graece
1354 4310 1399 4358 est
1412 4303 1536 4373 συλαγω-

481 4407 545 4473 γῶν,
560 4402 637 4476 quod
651 4403 769 4460 verbum
783 4402 920 4479 Vulgata,
935 4403 1063 4478 decipiat,
1078 4411 1107 4459 et
1121 4401 1240 4459 Tertull.
1255 4399 1291 4456 de
1306 4396 1452 4471 Praescrip.
1467 4414 1492 4453 c.
1508 4410 1535 4468 7.

482 4498 681 4564 circumveniet,
697 4500 929 4574 interpretantur.

524 4643 611 4701 ¹001.
627 4646 646 4701 i.
665 4662 711 4716 23.
840 4646 939 4705 'lbid.
955 4646 984 4703 ii.
996 4649 1086 4721 6-9.
1219 4643 1402 4701 ¹2T1m.ir.
1420 4658 1447 4716 7,
1464 4641 1491 4697 8.
