3817 5692
743 697 1054 763 DIsPUTATIO.
1359 705 1424 771 177

375 891 444 939 nou
470 868 550 939 est?
573 867 619 940 Si
636 870 726 938 enim
747 871 953 940 resurrectio
971 878 1182 941 mortuorum
1202 896 1270 944 nore
1288 885 1346 958 est,
1364 900 1425 946 uec

375 981 539 1055 Christus
563 983 765 1054 resurreuit.
817 982 862 1055 Si
887 993 999 1054 nutem
1025 981 1187 1057 Christus
1210 1010 1279 1057 nou
1309 1012 1423 1059 resur-

375 1096 477 1177 reete,
496 1097 612 1166 imonis
630 1106 678 1167 est
694 1120 774 1192 erpo
788 1095 1001 1189 prcedicotio
1024 1106 1151 1168 nostru.
1202 1097 1423 1173 Inveniemur

376 1210 477 1280 etium
493 1209 588 1306 suhi
617 1220 713 1282 testes
739 1210 821 1294 Dei,
848 1213 909 1305 qui
935 1212 1163 1283 testimouium
1184 1213 1423 1307 perhibuimus

376 1323 539 1396 adcemus
554 1323 681 1409 Deum,
700 1326 783 1419 quio
800 1326 1016 1397 suscitaverit
1034 1324 1222 1412 Christum,
1240 1352 1337 1423 quem
1355 1355 1424 1403 uon

376 1439 561 1510 suscitavit.
612 1439 658 1512 Si
691 1440 826 1534 quidem
862 1442 992 1510 mortui
1028 1464 1097 1511 nou
1135 1454 1328 1541 resurpuut,
1363 1471 1425 1518 uec

379 1552 539 1627 Christus
564 1557 768 1626 resurreuit.
819 1554 865 1627 Si
890 1565 1000 1626 cutem
1029 1554 1190 1629 Christus
1216 1583 1285 1630 uon
1308 1585 1424 1631 resur-

377 1669 479 1751 rerit,
496 1692 585 1739 cono
602 1678 650 1739 est
656 1669 748 1763 sides
765 1680 885 1753 oestro,
903 1669 1016 1741 adhuc
1032 1674 1113 1742 estis
1130 1675 1168 1743 iu
1186 1676 1337 1768 peccatis
1354 1700 1425 1747 ces-

378 1784 466 1861 tris:
491 1807 571 1880 erpo
588 1786 697 1878 etqui
713 1784 930 1857 dormierunt
947 1783 984 1855 in
1000 1784 1151 1870 Christe,
1163 1790 1354 1882 perierunt.
1381 1790 1427 1863 Si

378 1898 416 1967 iu
432 1896 497 1969 hoo
512 1899 583 1970 nito
596 1900 828 1971 tautummodo
840 1925 1017 1995 speramus
1031 1901 1069 1971 iu
1084 1900 1235 1986 Christo,
1248 1904 1426 1976 miserabi-

377 2011 481 2084 liores
496 2037 614 2084 sumus
626 2014 782 2085 omuibus
794 2013 1000 2087 homiuibus.
1026 2014 1250 2089 Nuucoutem
1265 2018 1426 2093 Christus

377 2131 570 2199 resurrerit
586 2154 608 2200 o
625 2131 770 2201 mortuis
790 2130 929 2201 initium
947 2129 1202 2217 dormientium,
1221 2143 1258 2204 et
1278 2136 1424 2228 reliqua.

379 2242 468 2326 Quis
494 2268 579 2338 rogo
606 2254 680 2315 tam
708 2249 916 2317 temerarius
944 2257 982 2317 et
1016 2249 1202 2340 impudens
1236 2251 1425 2334 iuvenitur,

379 2360 457 2450 ‘qui
470 2361 547 2429 istis
560 2363 788 2431 sacrosanctis
804 2363 947 2432 vocibus
960 2386 1031 2432 non
1049 2366 1293 2435 accommodet
1306 2367 1424 2450 fidem,

378 2473 416 2542 in
433 2474 560 2565 quibus
580 2475 678 2545 nulla
694 2486 749 2546 est
767 2476 961 2558 distinctio,
980 2477 1078 2548 nulla
1094 2480 1295 2550 dubitatio?
1322 2481 1426 2565 Quis-

378 2611 460 2658 nam
479 2613 594 2681 quaeso
612 2591 721 2660 etiam
738 2599 787 2671 te,
804 2614 825 2659 o
843 2591 953 2661 stulte
968 2592 1108 2676 Galata,
1121 2595 1315 2676 fascinavit,
1333 2597 1426 2666 sicut

380 2714 417 2774 et
434 2704 524 2786 illos,
544 2703 716 2794 ¹Quorum
738 2714 816 2775 onte
833 2703 946 2776 oculos
963 2705 1070 2777 desus
1085 2705 1245 2780 Christus
1262 2710 1427 2802 ⁸rescrip-

380 2827 434 2888 tus
454 2829 502 2889 est
525 2819 739 2914 cruceflrust’
764 2820 870 2891 Unde
888 2821 1038 2891 arbitror
1055 2822 1214 2892 sufficere
1231 2821 1310 2892 haec
1328 2825 1428 2892 testi-

379 2935 499 3005 monia
523 2936 567 3005 ad
598 2936 833 3005 ostensionem
858 2936 994 3026 judieii,
1023 2945 1061 3007 et
1089 2939 1364 3019 resurrectionis,
1390 2948 1428 3009 et

380 3050 556 3139 passionis,
580 3050 706 3142 quibus
730 3059 997 3140 consequenter,
1025 3060 1062 3120 et
1084 3053 1217 3144 pariter
1238 3075 1285 3120 ex
1309 3051 1428 3123 Maria

381 3171 501 3253 partus
527 3164 733 3234 ostenditur.
785 3162 880 3246 Quid
907 3162 1027 3232 enimi
1054 3164 1081 3233 si
1109 3173 1149 3232 tu
1177 3163 1268 3234 nolis
1288 3168 1428 3257 acquie-

381 3297 489 3358 scere,
515 3275 577 3345 sed
603 3274 868 3345 evidentissime
895 3271 1079 3368 Scriptura
1104 3276 1310 3366 proclamet.
1354 3279 1429 3350 Ve-

381 3399 568 3460 runtamen
594 3388 819 3481 interrogabo
847 3396 893 3470 te,
921 3396 962 3456 tu
987 3396 1108 3457 autem
1136 3389 1223 3458 mihi
1247 3391 1429 3483 responde,

381 3504 522 3596 quando
547 3501 654 3573 Jesus
680 3503 725 3573 de
750 3502 891 3574 Joauue
915 3504 1160 3573 testimonium
1182 3506 1254 3586 dat,
1279 3516 1317 3575 et
1337 3507 1432 3577 dice·

381 3619 452 3700 bat,
480 3620 562 3710 quia
587 3615 729 3709 'Mojm
755 3618 793 3687 iu
814 3617 907 3687 uotis
929 3616 1111 3688 mulierum
1140 3617 1255 3689 uultus
1277 3621 1434 3691 sumeuit

380 3731 520 3803 Jooune
536 3729 722 3825 Baptisto,·
748 3730 809 3824 qui
835 3740 946 3800 autem
969 3732 1086 3802 minor
1107 3742 1156 3803 est
1181 3732 1219 3801 in
1244 3757 1349 3830 repro
1366 3757 1433 3809 cae·

381 3845 492 3918 iorum
519 3846 629 3938 major
653 3853 702 3915 est
726 3843 809 3914 iiio:
837 3844 907 3915 Die
934 3844 1023 3915 mibi
1051 3869 1121 3938 qua
1149 3849 1287 3917 ratione
1318 3850 1432 3941 major

382 3960 443 4029 illo
471 3968 526 4031 est
556 3961 593 4029 in
620 3981 729 4051 regno
760 3958 949 4029 caelorum?
977 3959 1150 4051 Nunquid
1181 3959 1287 4032 Jesns
1315 3965 1433 4034 minor

424 4161 435 4191 ¹
457 4147 492 4205 In
506 4147 607 4205 eodem
621 4146 719 4204 codice
739 4146 855 4222 legitur,
870 4149 916 4222 qui
936 4149 1018 4205 istam
1034 4158 1236 4207 sacrosanctum
1252 4150 1371 4214 vocibus,
1386 4157 1431 4216 hc.

382 4242 497 4308 librarii,
513 4252 545 4300 ut
558 4242 688 4306 arbitror,
703 4260 810 4300 errore.

424 4346 436 4376 ⁸
450 4337 582 4413 Vulgata
596 4339 728 4396 editionis
743 4339 842 4397 melior
855 4339 950 4404 lectio,¹
958 4341 1139 4415 prescriptae
1152 4348 1203 4396 est.
1241 4340 1432 4415 (Proscriptus

383 4441 433 4496 est,
448 4434 552 4491 Versio
566 4455 628 4510 quae
642 4435 734 4493 Vetus
749 4436 822 4494 Itala
836 4437 1013 4511 appellatur.)

586 4572 593 4596 ¹
610 4565 703 4622 Galat.
718 4566 757 4623 iii.
773 4584 796 4622 ι.
1019 4565 1113 4622 'Mat
1131 4566 1166 4621 xi.
1180 4582 1226 4624 11.

427 4662 493 4704 vot.
510 4663 538 4702 v.
872 4667 891 4706 Δ
907 4665 927 4708 a
