3817 5692
763 697 1074 760 DISPUTATIO.
1382 694 1446 758 rat

393 873 449 943 lus
466 882 586 943 autem
605 872 704 942 Deus
727 881 827 963 pater
848 873 923 963 ejus
944 880 1070 941 natura
1087 885 1151 950 est,
1169 871 1228 959 qui
1247 868 1365 937 omnia
1382 890 1445 959 per

395 989 558 1061 Verbum
583 1011 687 1057 suum
711 986 879 1058 velociter
904 987 1005 1056 nobis
1031 985 1255 1055 manifestare
1280 984 1445 1076 dignatus

395 1114 459 1174 est
513 1103 593 1174 Nec
619 1105 655 1173 in
681 1103 799 1195 aliquo
826 1113 1022 1172 remoratus
1045 1102 1222 1170 Dominus
1247 1109 1368 1169 noster
1383 1098 1446 1169 Je-

394 1242 463 1301 sus‚
483 1215 589 1289 iiutra
611 1220 716 1289 unius
737 1219 820 1288 anni
845 1221 998 1310 spatium
1021 1217 1264 1311 languentium
1283 1215 1446 1284 multitu-

395 1334 493 1403 dines
519 1333 673 1402 reddidit
698 1332 852 1414 sauitati,
870 1342 1029 1401 mortuos
1050 1330 1140 1401 luci:
1169 1333 1245 1423 ¹qui
1268 1330 1364 1400 verbi
1391 1331 1445 1399 sui

395 1456 572 1541 potestate
591 1448 752 1518 universa
769 1447 955 1539 amplexus
972 1458 1048 1531 est;
1073 1448 1110 1517 in
1136 1470 1206 1539 quo
1230 1445 1373 1516 taudem
1393 1469 1446 1515 re·

394 1573 551 1634 moratus
578 1573 643 1646 est,
668 1573 709 1632 ut
736 1564 771 1632 iu
800 1563 977 1633 Paraclitc
1005 1563 1182 1632 mittendo
1208 1560 1331 1631 tandiu
1362 1584 1443 1631 eum

395 1690 610 1749 remoratum
628 1678 838 1749 credamus?
878 1678 973 1761 Quin
991 1679 1119 1770 potius,
1138 1686 1179 1747 ut
1196 1677 1355 1769 superius
1374 1675 1446 1745 dic·

396 1805 473 1865 tum
491 1804 557 1877 est,
574 1795 689 1865 adfuit
711 1795 832 1864 statim
851 1792 1042 1885 plurimum
1061 1791 1209 1863 diffirsus
1226 1792 1262 1859 iu
1280 1790 1444 1873 Paulum,

395 1912 495 2004 cujus
513 1911 623 1981 etiam
641 1911 844 1980 testimonio
863 1909 1076 1980 credidimus
1093 1908 1238 1989 dicenti,
1251 1904 1367 1976 'Mitti
1384 1931 1446 1976 au·

397 2035 461 2096 tem
478 2023 544 2095 soli
560 2024 641 2096 data
658 2033 706 2095 est
720 2024 838 2121 pratia
858 2021 940 2093 liceo.
994 2023 1064 2106 Qui
1089 2024 1184 2114 prius
1207 2023 1351 2115 quidem
1375 2023 1446 2093 fuit

396 2150 601 2234 persecutor
635 2138 792 2210 ecclesiae
820 2137 900 2215 Dei,
932 2139 992 2208 sed
1026 2160 1163 2207 rursum
1199 2139 1446 2210 manifestatus

396 2263 451 2324 est
481 2254 655 2335 omuibus,
686 2254 768 2345 quia
798 2264 890 2323 esset
918 2253 1032 2324 fidelis
1062 2252 1227 2324 Paracliti
1262 2254 1445 2335 minister;

396 2393 579 2462 perquem
605 2370 775 2439 universis
801 2370 957 2438 innotuit
982 2369 1168 2462 singularis
1191 2370 1267 2460 ejus
1292 2368 1447 2438 clemen·

397 2486 457 2567 tia,
481 2486 574 2576 quod
601 2493 639 2554 et
661 2507 773 2576 usque
802 2483 846 2552 ad
875 2506 948 2565 uos,
972 2485 1032 2574 qui
1064 2483 1252 2574 aliquando
1282 2484 1358 2552 sinc
1384 2504 1446 2573 spe

397 2623 545 2682 eramus,
564 2600 735 2669 donorum
760 2600 836 2690 ejus
860 2598 999 2691 largitio
1020 2600 1192 2690 pervenit.
1245 2597 1333 2680 Quis
1351 2598 1446 2667 enim

397 2716 556 2785 nostrirm
586 2737 726 2806 sperare
754 2721 895 2806 poterat
924 2723 1187 2805 persecutorem
1218 2712 1380 2793 Paulum,
1409 2720 1447 2780 et

397 2830 579 2900 inimicum
602 2829 770 2915 ecclesiae,
794 2830 1016 2899 defensorem
1043 2830 1118 2921 ejus
1144 2851 1185 2898 ae
1212 2836 1364 2898 tutorem
1392 2828 1447 2897 fu-

398 2945 541 3016 turum?
577 2953 615 3014 et
642 2967 712 3014 nou
738 2944 853 3015 solum
878 2945 956 3027 hoe,
976 2967 1099 3013 verum
1124 2945 1233 3014 etiam
1259 2951 1297 3014 et
1319 2944 1448 3038 magis·

398 3071 495 3128 trum
541 3058 768 3129 ecelesiarum
818 3060 1039 3129 conditorem
1087 3071 1125 3128 ct
1163 3058 1446 3128 architectorem.

400 3174 486 3244 Post
516 3174 610 3244 hunc
638 3196 731 3267 ergo,
750 3185 787 3244 et
811 3184 890 3268 post
914 3198 985 3258 eos,
1006 3175 1066 3266 qui
1090 3198 1172 3245 cum
1198 3175 1274 3267 ipso
1298 3174 1448 3262 fuerant,

397 3290 434 3359 id
460 3298 524 3371 est,
550 3298 630 3382 post
660 3289 857 3381 discipulos,
882 3290 1021 3359 nullum
1048 3290 1158 3361 alium
1182 3291 1300 3359 venire
1324 3312 1448 3360 secuu-

398 3402 483 3473 duin
510 3403 709 3496 Scripturas
734 3406 946 3495 sperandum
973 3417 1050 3488 est;
1077 3408 1128 3474 ait
1153 3407 1249 3474 enim
1271 3403 1448 3474 Dominus

398 3532 517 3590 noster
532 3518 638 3590 Jesus
664 3520 709 3589 de
736 3517 922 3602 Paraclito‚
944 3518 1056 3609 ⁸Qnin
1078 3528 1110 3590 et
1135 3518 1177 3589 de
1202 3543 1274 3590 mec
1297 3518 1447 3613 accipiet.

399 3635 475 3707 Vas
500 3657 583 3728 ergo
609 3635 790 3727 probabile
816 3635 926 3728 elegit
950 3635 1045 3705 hunc
1071 3636 1196 3718 virum,
1217 3658 1321 3727 quem
1350 3636 1447 3704 misit

398 3753 442 3822 ad
460 3773 524 3820 nos
542 3749 695 3821 Paulum
714 3746 771 3819 lin
790 3752 932 3843 spiritus
949 3750 1093 3819 influxit
1110 3751 1283 3841 Spiritus3
1301 3763 1338 3821 et
1356 3752 1448 3820 sicut

398 3890 469 3936 uon
495 3888 600 3957 super
620 3889 743 3936 omues
769 3866 929 3936 homiues
948 3865 1102 3956 Spiritus
1119 3865 1278 3935 habitare
1296 3875 1447 3957 poterat,

439 4044 497 4103 ilu
511 4047 608 4105 codice
621 4056 675 4111 est,
691 4049 770 4104 inter.
814 4047 873 4105 Sed
892 4067 979 4103 unum
998 4066 1103 4103 annum
1118 4047 1226 4103 Christi
1244 4047 1446 4121 praedicationi.

399 4163 431 4201 ec
450 4145 592 4201 miraculis
606 4145 717 4201 videtur
738 4146 896 4202 adscribere
912 4144 1070 4200 Archelaus
1090 4163 1154 4201 eum
1176 4143 1237 4200 aliis
1258 4144 1380 4218 antiquis
1396 4145 1447 4199 Pa·

399 4241 497 4306 tribus,
513 4261 598 4316 quare
612 4241 775 4316 legendum,
791 4243 871 4298 intra.
906 4241 979 4296 Vide
993 4240 1067 4295 infra
1080 4258 1142 4314 cap.
1156 4258 1205 4313 49.
1244 4239 1371 4310 (Videsis
1387 4248 1447 4295 not.

400 4338 428 4393 in
443 4337 590 4395 Melitonis
606 4339 714 4413 Frcqm.
730 4339 837 4412 p.146.
852 4338 908 4394 vol.
918 4338 935 4392 i.
951 4337 1051 4393 harum
1066 4337 1169 4410 Reliq.)

440 4430 457 4474 ¹¹
470 4434 564 4490 Locus
575 4446 732 4509 corruptus.
756 4435 850 4497 Forte,
862 4435 889 4490 in
897 4434 1017 4508 Spiritu.
1033 4434 1148 4507 Iustusit
1157 4431 1290 4506 Spiritus,
1300 4438 1346 4494 dfe.
1370 4431 1448 4501 (For.

400 4528 511 4603 scripsit
526 4530 690 4598 Archelaus,
702 4531 829 4595 Paulum,
844 4532 922 4603 cujus
937 4532 964 4585 in
978 4530 1104 4605 spiritum
1119 4529 1226 4603 influxit
1242 4527 1364 4601 Spiritus
1372 4527 1395 4593 ,·)

483 4655 489 4677 ¹
508 4649 597 4721 [Heb.
614 4651 632 4705 i.
650 4652 691 4724 3.]
787 4659 795 4682 ¹
813 4650 920 4726 Ephes.
936 4651 975 4707 iii.
994 4653 1020 4707 8.
1124 4650 1229 4706 'leam
1245 4650 1298 4704 xvi,
1321 4667 1366 4719 14.
