3817 5692
729 689 1039 753 DISPUTATIO.
1345 688 1408 757 169

358 865 501 946 bonum,
520 865 591 934 vim
609 866 707 935 verbi
729 867 830 936 istius
858 865 1001 957 penitus
1018 864 1218 958 ”ignorans
1270 864 1408 935 Maura

357 999 475 1062 nrxrr,
495 978 668 1072 Nunquid
692 991 729 1052 te
755 982 967 1051 advocatum
991 1003 1150 1050 meorum
1175 979 1319 1050 adhibui
1337 1002 1408 1050 ser-

357 1115 514 1177 monum,
533 1104 597 1165 ’‘ut
614 1098 722 1166 etiam
749 1119 842 1167 meae
867 1096 1023 1166 scientiae
1047 1094 1321 1188 intelligentiam
1339 1095 1408 1166 dis-

357 1210 492 1300 ponas?
522 1213 652 1304 quippe
686 1213 747 1303 qui
781 1212 923 1304 propria
956 1210 1147 1303 explanare
1180 1234 1249 1280 non
1280 1210 1406 1310 valeas,

358 1327 534 1415 quomodo
557 1326 673 1397 aliena
695 1328 828 1419 poteris
851 1326 1052 1419 explicare?
1095 1325 1201 1409 Quod
1224 1328 1253 1396 si
1271 1327 1405 1398 victum

351 1442 428 1533 jam
454 1465 492 1512 se
515 1443 704 1535 profitetur
718 1441 907 1525 Diodorus,
925 1451 1012 1513 tunc
1037 1441 1125 1511 mihi
1146 1450 1267 1512 tecum
1293 1465 1407 1513 sermo

356 1556 568 1627 movebitur.
620 1557 658 1626 Si
687 1565 807 1627 autem
839 1565 911 1627 stat
940 1556 1012 1643 ille,
1039 1565 1156 1627 otest
1187 1557 1335 1628 idoneus
1361 1559 1406 1627 ad

359 1672 557 1753 dicendum,
576 1673 697 1743 desine
714 1683 765 1755 tu,
784 1682 822 1743 et
842 1672 915 1743 noli
940 1673 1147 1765 perturbare
1172 1671 1407 1743 substantiam

358 1790 528 1859 veritatis.
555 1788 607 1859 Es
624 1790 718 1859 enim
737 1791 813 1860 ovis
829 1788 956 1871 aliena,
971 1788 1130 1859 efficieris
1148 1798 1267 1859 tamen
1284 1798 1408 1881 postea

357 1905 394 1973 in
412 1927 560 1975 nomem
583 1904 740 1997 ejusdem
758 1906 884 1998 gregis,
902 1905 1015 1975 ysicus
1032 1926 1101 1975 vox
1118 1904 1142 1973 J
1144 1926 1223 1974 esus
1241 1905 1406 1989 ostendit,

357 2021 509 2113 ejusqui
532 2022 694 2114 apparuit
716 2022 860 2113 quidem
886 2021 923 2090 in
949 2021 1101 2090 hominis
1126 2022 1252 2113 speeie,
1271 2044 1337 2093 neo
1355 2031 1408 2093 ta·

357 2156 439 2202 men
456 2133 526 2202 fuit
543 2133 660 2205 homo.
712 2133 941 2205 Aacnnoaus
958 2155 1074 2216 n1x1T,
1092 2133 1187 2227 Ergo
1209 2157 1280 2204 non
1302 2144 1406 2226 putas

357 2269 440 2318 eum
457 2271 502 2318 ex
521 2247 641 2319 Maria
654 2248 803 2344 Virgine
821 2250 920 2322 esse?
948 2249 1088 2320 Manus
1105 2269 1225 2333 mxu,
1239 2248 1347 2321 Absit
1364 2260 1406 2320 ut

357 2362 552 2432 Dominum
582 2375 742 2435 nostrum
772 2366 898 2436 Jesum
928 2365 1109 2436 Christum
1140 2388 1204 2457 per
1233 2366 1407 2436 naturalia

356 2478 522 2570 pudenda
549 2479 707 2550 mulieris
734 2482 956 2552 descendisse
974 2482 1187 2566 zconfitear3
1212 2484 1287 2574 ipse
1309 2485 1405 2553 enim

357 2594 599 2665 testimonium
629 2597 699 2679 dat,
719 2599 820 2689 1quia
844 2598 888 2668 de
914 2597 1048 2668 sinibus
1070 2596 1187 2667 Patris
1212 2598 1404 2668 deseendit.

357 2707 417 2791 Et,
452 2708 546 2799 'Qui
581 2734 633 2780 me
666 2712 800 2805 recipit,
834 2712 959 2805 recipit
997 2735 1085 2796 euni,
1120 2710 1181 2805 qui
1214 2733 1267 2781 ma
1299 2710 1403 2780 misit.

358 2821 416 2905 Et,
434 2822 533 2894 ³N0n
555 2825 632 2896 oeni
645 2824 770 2920 farere
795 2824 1000 2897 voluntatem
1026 2849 1146 2908 meam,
1164 2824 1224 2894 aed
1247 2823 1318 2916 ojus
1343 2824 1405 2917 qui

357 2938 453 3008 misit
469 2963 530 3009 me.
583 2941 641 3024 Et,
658 2940 758 3013 4Νοη
775 2966 850 3012 aum
868 2942 994 3012 missua
1010 2942 1082 3011 aiat
1098 2940 1146 3011 od
1161 2964 1235 3012 oves
1247 2938 1404 3034 perditos

357 3051 478 3123 domus
506 3052 631 3127 Iaroe'l.
689 3057 782 3127 Sunt
813 3069 851 3127 et
880 3057 950 3128 alia
983 3059 1168 3127 innumera
1200 3056 1405 3126 testimonia

356 3169 610 3262 hujuscemodi,
629 3196 706 3264 quae
732 3174 890 3245 indicant
912 3197 995 3245 enm
1019 3173 1165 3254 venisse,
1183 3181 1220 3242 et
1246 3193 1317 3241 non
1342 3194 1402 3241 na·

355 3296 433 3355 tum
452 3308 537 3356 esse.
589 3286 693 3370 Quod
719 3289 748 3358 si
774 3291 956 3381 potentior
980 3288 1042 3358 illo
1064 3311 1112 3370 es,
1131 3296 1167 3357 ot
1185 3286 1296 3380 magis
1313 3288 1403 3357 seira

355 3410 465 3492 potes,
484 3403 577 3494 quod
595 3426 718 3473 verum
744 3414 807 3486 est,
826 3405 1003 3496 quomodo
1022 3405 1097 3496 jam
1124 3403 1176 3472 illi
1202 3401 1401 3473 oredimus?

354 3517 583 3588 Ancumaus
598 3539 713 3601 mxu,
732 3520 861 3613 Neque
887 3521 948 3590 illo
974 3520 1154 3612 potentior
1175 3542 1263 3600 sum,
1282 3541 1402 3589 servus

355 3633 450 3702 eninr
475 3656 565 3719 sum,
582 3643 619 3704 et
645 3657 761 3726 nequo
785 3635 928 3728 aequalis
951 3634 1097 3706 Domini
1123 3636 1194 3705 mei
1221 3658 1297 3705 essa
1321 3657 1402 3727 pos-

395 3887 411 3918 ¹¹
426 3878 461 3934 ln
474 3877 632 3946 Carrinensi,
647 3881 765 3957 ioaoraa.

394 3984 410 4015 ¹
425 3974 460 4030 ln
474 3975 571 4032 codice
586 3975 734 4035 casinensi
748 3987 801 4044 est,
817 3986 864 4035 aar
877 3979 967 4044 etiarn,
981 3977 1067 4035 lectio
1080 3976 1273 4052 improbanda

392 4083 409 4130 y
424 4070 597 4138 Catinensis,
610 4075 682 4129 airu!
695 4093 743 4131 voa
750 4074 842 4131 Jeaaa.
860 4074 951 4148 (Sicut
964 4094 1017 4132 vor
1027 4074 1110 4132 Jeaaa
1124 4074 1247 4132 ostendit.
1273 4075 1320 4130 An
1334 4073 1400 4148 quia

351 4178 476 4226 amator
489 4188 547 4226 vox
561 4169 669 4241 valeti)

392 4268 454 4323 zlu
472 4268 570 4324 codice
585 4267 734 4325 Casiueusi
753 4263 807 4333 e'st.
823 4269 976 4344 coafitetur,
997 4269 1104 4327 librarii
1125 4287 1231 4333 errore,
1252 4275 1284 4325 ut
1305 4267 1398 4342 palam

351 4369 403 4417 est.

395 4514 499 4572 'Joan
515 4517 534 4573 i.
554 4518 600 4576 18.
622 4528 652 4576 et
666 4521 703 4577 iii.
723 4538 767 4593 ¹3·
927 4525 935 4548 ²
951 4520 1025 4577 Mat.
1040 4540 1069 4577 x.
1085 4538 1133 4591 40.
1290 4516 1396 4573 ’Joan

353 4612 390 4670 vi.
406 4611 455 4682 38.
537 4621 547 4650 ⁴
562 4614 634 4673 Mat.
649 4636 696 4673 xv.
714 4635 760 4687 24.

398 4726 466 4769 von.
478 4728 506 4769 v.
895 4730 914 4772 z
