3817 5692
434 709 498 771 188
656 706 909 770 ARCHELAI
941 706 1005 768 ET
1037 705 1256 768 MANETIS

434 883 467 950 ei
494 882 551 950 isti
569 889 722 970 quatuor
747 878 836 959 libri,
853 891 891 948 et
914 900 1004 947 unus
1027 878 1218 969 discipulus
1234 878 1396 947 rnomina
1412 878 1480 947 Te·

433 997 628 1067 rebinthus.
681 996 776 1078 Quia
803 1016 888 1086 ergo
913 992 1132 1083 aliquantum
1164 993 1331 1085 temporis
1358 1016 1476 1063 secum

432 1114 490 1182 isti
525 1111 630 1181 ambo
665 1111 894 1179 decreverant
926 1107 991 1176 soli
1025 1108 1195 1189 habitare,
1225 1108 1358 1200 placuit
1392 1107 1478 1199 Scy·

432 1227 555 1296 thiano
581 1227 774 1295 discurrere
800 1227 836 1293 in
862 1223 1039 1305 Judaeam,
1065 1233 1106 1292 ut
1130 1224 1179 1293 ibi
1206 1223 1479 1315 congrederetur

431 1364 513 1410 cnm
545 1341 717 1421 omnibus,
744 1340 944 1430 quicunqne
974 1338 1022 1406 ibi
1054 1338 1264 1407 videbantur
1289 1362 1366 1409 esse
1395 1340 1478 1412 doc·

432 1467 536 1536 tores,
563 1466 600 1524 et
624 1454 786 1546 pervenit
817 1476 898 1521 eum
929 1453 1098 1520 continuo
1126 1452 1198 1521 vita
1228 1453 1384 1546 defungi,
1411 1478 1477 1526 nec

432 1571 588 1661 potuisse
617 1568 749 1659 aliquid
784 1588 1001 1658 promovere.
1053 1564 1139 1636 ⁵Ille
1169 1591 1251 1637 vero
1277 1569 1476 1661 discipulus,

431 1687 491 1775 qui
518 1707 599 1754 oum
617 1706 660 1752 eo
677 1682 793 1751 fuerat
810 1691 1047 1762 conversatus,
1065 1682 1101 1749 in
1127 1682 1247 1774 fugam
1269 1706 1387 1753 versus
1411 1697 1477 1766 est,

431 1808 470 1868 et
488 1798 719 1890 Babyloniam
738 1796 841 1887 petiit
858 1798 951 1886 ‘quae
977 1818 1071 1864 nunc
1096 1798 1274 1887 provincia
1290 1798 1440 1870 babetur
1455 1824 1478 1870 a

432 1914 560 1997 Persis,
578 1936 729 2005 quaeque
746 1912 847 1981 abest
864 1933 958 1979 nunc
975 1933 997 1979 a
1013 1910 1099 1980 locis
1117 1915 1243 1982 nostris
1259 1915 1386 1985 itinere
1403 1917 1477 1985 die·

432 2052 511 2098 rum
529 2039 567 2099 et
584 2030 742 2097 noctium
761 2027 873 2094 ferme
891 2047 974 2106 sex3
998 2049 1069 2116 quo
1087 2050 1169 2096 cum
1186 2030 1348 2112 venisset,
1366 2031 1475 2101 talem

432 2143 477 2213 de
507 2166 545 2212 se
573 2143 704 2211 famam
734 2138 955 2231 pervulgarit
983 2141 1057 2231 ipse
1087 2141 1330 2225 Terebinthus‚
1356 2146 1477 2216 dicens

431 2258 527 2326 omni
553 2280 591 2326 se
616 2256 788 2346 sapientia
813 2253 1059 2346 AEgyptiormn
1086 2256 1273 2349 repletum,
1298 2272 1335 2328 et
1363 2263 1475 2331 vocari

431 2393 501 2439 non
521 2373 597 2462 jam
615 2369 879 2449 Terebintbum‚
899 2369 981 2438 used
1007 2370 1116 2440 aliurn
1135 2370 1297 2443 Buddam
1322 2378 1475 2459 nomine,

431 2485 569 2577 sibique
599 2486 664 2555 boc
695 2508 824 2553 nomen
855 2485 1072 2574 impositum,
1100 2510 1145 2554 ex
1173 2490 1325 2579 quadam
1353 2501 1474 2561 autem

430 2602 564 2696 virgine
590 2611 713 2672 natum
730 2612 790 2671 ¹se
816 2622 902 2680 esse,
920 2600 1025 2670 simul
1042 2611 1080 2669 et
1100 2603 1144 2671 ab
1162 2603 1304 2697 Angelo
1322 2608 1357 2674 in
1375 2630 1475 2677 mon·

430 2717 527 2787 tibus
542 2719 747 2787 enutritum.
798 2716 954 2784 rParous
972 2739 1053 2785 vero
1070 2719 1214 2807 quidam
1233 2719 1418 2814 Propheta,
1436 2733 1475 2792 et

470 2890 483 2920 ¹
504 2880 584 2937 idern
605 2881 667 2937 cod.
687 2881 754 2938 Vat.
778 2882 881 2936 nomiae
899 2877 1075 2951 Terydeneue.
1113 2878 1201 2942 Quam
1222 2900 1288 2955 ergo
1310 2884 1474 2960 aliquantum

429 2962 557 3034 temporis
572 2980 660 3017 aecum
679 2965 726 3019 isli
744 2964 821 3020 ambo
838 2964 1023 3038 demoverat,
1038 2976 1091 3031 soli
1105 2978 1212 3051 placuit
1231 2979 1359 3038 Statiano
1377 3001 1472 3039 ercur-

428 3074 488 3111 rere
498 3058 525 3112 ia
538 3056 670 3114 Judaeam.
693 3059 740 3117 Sic
754 3062 827 3120 infra
841 3067 943 3142 ubique
954 3081 1037 3128 vocat
1050 3072 1256 3147 Terybeneum.

469 3163 482 3192 ⁸
503 3153 583 3209 ldem
598 3156 705 3213 codex:
727 3159 773 3231 ille
785 3181 849 3219 vero
859 3167 1007 3241 (discipulus
1021 3171 1149 3237 omnibus,
1163 3178 1391 3250 praeruptaeque
1402 3179 1471 3251 sue-

428 3257 499 3311 rant,
515 3254 695 3326 conprepatr's,
709 3256 736 3309 ia
742 3257 844 3331 jupam
858 3279 953 3318 ceram
971 3275 1022 3321 eat.
1058 3267 1141 3332 Mox,
1153 3272 1295 3342 provincia
1309 3272 1472 3330 habitatura

429 3345 533 3413 Pereia,
548 3365 609 3420 pro,
624 3348 746 3407 habetur.
782 3354 820 3410 Et
842 3357 935 3432 paullo
949 3371 1024 3433 post,
1040 3366 1199 3436 uocarijum
1213 3385 1264 3422 noa
1283 3370 1471 3443 Terybenerrm,

425 3436 474 3489 sed
486 3436 620 3495 Buddam·

467 3532 478 3571 t
493 3532 571 3590 Nota
585 3556 730 3613 quousque
744 3545 965 3604 extenderentur
979 3549 1094 3625 imperii
1106 3554 1226 3609 Romani
1240 3555 1344 3613 limites
1355 3569 1470 3615 eutem-

425 3644 504 3699 pore,
520 3648 576 3702 quo
590 3632 744 3691 Archelaus
755 3656 819 3694 cum
831 3640 948 3699 Manete
964 3645 1123 3720 disputavit.

468 3732 483 3763 ¹¹
504 3723 581 3782 Mire
595 3726 641 3783 hic
656 3748 718 3786 sese
732 3735 822 3791 exerit
842 3735 957 3803 librarii,
973 3742 1020 3814 qui
1035 3743 1220 3803 Casinensem
1231 3750 1357 3806 codicem
1372 3771 1470 3808 exara·

425 3819 476 3886 vit,
498 3822 664 3890 oscitantia;
686 3829 799 3903 scripsit
820 3833 905 3899 enim,
925 3837 975 3891 aed
990 3838 1066 3894 aliud
1083 3844 1219 3912 eujusdam
1239 3847 1350 3902 nomiae.
1371 3849 1470 3922 legen·

426 3918 493 3974 dum
514 3931 609 3977 antem
624 3942 695 3990 esse,
710 3927 758 3981 sed
775 3928 857 3983 ulium
871 3931 996 3988 Buddam
1016 3938 1128 4003 nomiae,
1144 3939 1242 4014 Cyrilli
1265 3942 1469 4020 Hierosolymi-

425 4014 494 4079 taui,
519 4016 679 4091 Epiplranii,
705 4030 733 4078 ct
758 4023 876 4081 aliorum
905 4031 1081 4087 narrationes
1103 4034 1196 4108 palam
1221 4038 1361 4097 evincunt.
1393 4043 1470 4115 (For.

426 4110 615 4177 scribendum,
630 4117 679 4171 aed
691 4116 746 4173 olio
760 4119 883 4178 Buddam
897 4127 1023 4197 annuae.)

466 4217 482 4248 ¹
504 4207 583 4265 ldem
603 4211 665 4267 cod.
681 4214 747 4271 Vat.
767 4235 796 4271 se
816 4238 874 4273 esse
892 4222 1045 4292 simulabat,
1059 4236 1085 4282 et
1107 4228 1140 4284 ab
1155 4231 1269 4304 Anqelo.
1305 4232 1378 4289 Mox
1392 4253 1469 4299 vcro,

424 4303 568 4360 Labdacus
581 4306 671 4364 Matri
684 4312 766 4384 filius
782 4332 834 4387 pro
848 4317 1163 4396 Mithra—quotidie
1182 4328 1252 4381 satia
1270 4329 1389 4385 uairrrasa
1410 4349 1469 4385 eer-

425 4399 492 4454 tatio
506 4401 539 4455 de
552 4401 703 4474 hujusmodi
716 4411 830 4482 repotia.

466 4504 481 4548 1
503 4495 547 4553 De
575 4498 619 4554 his
647 4501 795 4561 Persarum
821 4506 1031 4578 Sacerdotibus,
1056 4516 1120 4573 vide
1146 4518 1333 4592 Epiphanium
1359 4524 1387 4577 in
1416 4523 1469 4578 lrac

424 4587 524 4647 haeresi
539 4612 616 4651 num.
633 4613 661 4667 3.
676 4607 704 4654 et
719 4619 771 4656 nos
786 4602 813 4657 in
829 4605 1053 4666 Manichaeorum
1070 4612 1206 4671 Historia.
