3817 5692
804 719 1111 784 DISPUTATIO.
1436 725 1474 785 41

432 891 558 983 potuit,
576 901 618 962 ut
640 893 787 986 dignum
804 903 890 971 erat,
908 894 1054 964 tradidit
1073 893 1284 986 sepulturae:
1310 917 1381 985 quo
1398 919 1477 967 mu·

432 1028 515 1076 nere
532 1006 690 1099 impleto,
708 1009 752 1077 ad
771 1002 964 1078 hChartam
982 1009 1098 1089 rediit,
1112 1018 1219 1100 atque
1232 1010 1361 1080 exinde
1378 1033 1477 1082 recu-

432 1130 553 1213 perata
574 1121 726 1192 sanitate
749 1121 951 1193 vulneratos
972 1123 1016 1192 ad
1039 1124 1189 1214 patriam
1216 1146 1373 1196 remeare
1398 1148 1477 1217 per·

431 1233 555 1316 mittit,
573 1235 768 1328 largissimo
786 1237 829 1306 ad
846 1238 915 1307 iter
931 1238 1061 1307 viatico
1078 1246 1281 1330 praeparato.
1322 1237 1376 1308 At
1394 1261 1476 1311 vero

432 1349 515 1418 facti
546 1351 651 1441 hujus
680 1349 799 1441 opinio
827 1350 871 1420 ud
899 1350 1034 1441 reliqua
1063 1349 1227 1422 Marcelli
1257 1352 1348 1425 bene
1376 1364 1477 1449 gesta

432 1465 644 1534 immensum
670 1462 852 1534 cumulum
877 1464 1048 1536 contulit:
1075 1488 1138 1557 per
1160 1468 1357 1539 universam
1381 1469 1475 1538 enim

433 1581 612 1673 regionem
651 1578 748 1649 illam
782 1579 906 1672 ingens
940 1580 1034 1651 fama
1068 1582 1231 1653 discurrit
1265 1585 1309 1653 de
1343 1586 1477 1676 pietate

435 1692 609 1777 Marcelli,
626 1695 677 1764 ita
700 1702 741 1763 ut
763 1693 905 1786 plurimi
924 1718 970 1764 cx
994 1697 1140 1766 diversis
1156 1698 1301 1768 urbibus
1325 1699 1476 1782 videndi,

433 1823 541 1902 atque
558 1808 792 1903 cognoscendi
809 1808 875 1877 viri
891 1810 1089 1901 cupiditate
1109 1810 1306 1905 flagrarent,
1325 1822 1362 1883 et
1378 1836 1478 1884 max-

433 1927 504 1996 ime
527 1925 575 2006 bi,
594 1923 722 2016 quibus
739 1923 829 1993 ferre
852 1925 1036 2015 penuriam
1053 1948 1137 1997 usus
1157 1937 1241 1997 ante
1263 1950 1335 1998 non
1351 1927 1478 2014 fuerat,

433 2042 560 2134 quibus
589 2038 753 2110 omnibus
778 2039 831 2107 vir
856 2042 1019 2133 egregius
1042 2041 1348 2135 indulgentissime
1375 2043 1479 2114 mini·

434 2155 578 2236 atrebat,
604 2151 767 2223 Marcelli
798 2154 929 2223 veteris
958 2154 1119 2224 imitatus
1148 2155 1325 2246 exempla,
1354 2156 1405 2226 ita
1435 2165 1477 2226 ut

434 2291 556 2340 ornnes
585 2268 743 2338 dicerent
772 2266 840 2338 hoc
870 2268 945 2337 viro
975 2267 1114 2338 nullum
1147 2270 1281 2361 pietate
1310 2280 1478 2362 praestan-

432 2386 571 2455 tiorem.
606 2382 676 2453 Sed
696 2391 733 2453 et
750 2383 865 2453 vidnae
882 2384 1052 2453 universae
1069 2384 1104 2453 in
1125 2382 1280 2454 Domino
1292 2386 1477 2458 credentes

431 2500 475 2568 ad
499 2520 580 2568 enm
604 2499 881 2582 concurrebant;
907 2521 990 2569 cum
1013 2499 1183 2569 imbecilli
1207 2523 1347 2591 quoque
1365 2523 1411 2570 ex
1433 2523 1477 2570 eo

430 2613 497 2684 sibi
521 2613 695 2684 auxilium
716 2614 951 2685 certissimum
974 2615 1243 2706 praesumebant,
1261 2638 1326 2684 nec
1347 2637 1418 2685 non
1439 2625 1476 2686 et

431 2727 577 2820 orphani
595 2750 717 2800 omnes
740 2730 785 2799 ab
808 2730 884 2821 ipso
908 2729 1168 2812 nutriebantur,
1186 2731 1381 2821 domusque
1401 2730 1477 2821 ejus

430 2846 694 2937 peregrinorum
729 2852 767 2915 et
806 2867 1002 2936 pauperum
1043 2845 1238 2936 hospitium
1273 2844 1475 2914 dicebatur:

430 2958 669 3049 superomnia
686 2980 768 3027 vero
795 2956 878 3040 haec,
895 2958 979 3027 fidei
997 2982 1117 3029 curam
1136 2959 1278 3052 egregie
1300 2980 1341 3027 ac
1359 2958 1477 3050 singu-

430 3071 551 3143 lariter
579 3073 766 3155 retinebat,
795 3073 970 3144 aedificans
997 3097 1057 3145 cor
1087 3097 1189 3144 sunm
1220 3097 1324 3166 super
1352 3075 1478 3142 immo·

429 3186 538 3257 bilem
556 3198 703 3280 petrem.

481 3301 549 3373 IV.
567 3298 700 3396 ¹lgitur
721 3326 801 3374 cnm
827 3304 973 3375 diversis
993 3306 1030 3374 in
1056 3304 1142 3374 locis
1165 3306 1260 3375 fama
1280 3305 1325 3375 de
1346 3327 1389 3375 eo
1415 3326 1477 3373 sse-

428 3418 571 3510 pissime
596 3428 827 3513 spargeretur,
852 3419 959 3489 etiam
988 3418 1140 3512 Stranga
1168 3418 1275 3489 fluvio
1301 3428 1475 3511 superato,

430 3532 616 3605 Persarum
634 3534 671 3602 in
688 3535 868 3626 regionem
888 3556 971 3603 eum
992 3533 1142 3625 pertulit
1164 3535 1419 3613 admirandum,
1438 3534 1475 3603 in

430 3670 499 3739 qua
516 3648 763 3718 demorabatur
781 3646 911 3718 Manes
933 3649 1087 3739 quidam,
1103 3649 1163 3740 qui
1186 3650 1230 3718 ad
1253 3670 1291 3719 se
1312 3647 1477 3740 hujusce-

429 3763 524 3833 modi
543 3763 607 3832 viri
626 3765 790 3854 opinione
808 3761 954 3854 perlata,
967 3763 1120 3855 plurima
1136 3786 1255 3835 secum
1270 3764 1345 3856 ipse
1358 3763 1476 3833 volve·

429 3875 501 3959 bat,
518 3877 816 3968 quemadmodum
835 3899 918 3947 eum
932 3878 1101 3947 doctrinae
1118 3900 1189 3948 suae
1206 3885 1325 3969 posset
1341 3877 1475 3969 laqueis

429 3990 575 4073 irretire,
599 4012 741 4082 sperans
766 3999 975 4061 assertorem
998 3992 1173 4081 dogmatis
1193 3992 1245 4060 sui
1272 3991 1348 4062 fieri
1373 4014 1474 4083 posse

469 4203 485 4247 Β
508 4206 614 4264 Habita
624 4216 668 4264 est
683 4207 776 4282 imque
790 4207 851 4265 boec
865 4207 1018 4282 disputatio
1035 4207 1110 4281 apud
1124 4205 1248 4263 Carrhas
1262 4206 1473 4264 celeberrimam

428 4301 644 4378 Mesopotamiae
665 4303 773 4369 urbem,
795 4305 876 4378 cujus
896 4302 1045 4377 episcopus
1065 4313 1126 4360 erat
1147 4304 1311 4368 Archelaus,
1326 4303 1367 4360 uti
1389 4322 1474 4379 supra

428 4399 634 4459 adnotavimus.
994 4403 997 4408 ’

468 4493 477 4538 ¹
492 4496 568 4554 Hinc
582 4496 680 4572 incipit
693 4514 759 4571 pers
772 4495 857 4572 hujus
871 4496 966 4571 operis
979 4497 1055 4554 edita
1069 4516 1086 4553 a
1099 4497 1215 4554 Valesio
1225 4516 1261 4554 ex
1275 4494 1372 4552 codice
1383 4494 1469 4550 Bobi-

427 4592 498 4659 cmi,
509 4594 556 4667 qui
571 4611 646 4650 nunc
660 4594 689 4649 in
704 4592 892 4650 Ambrosiana
905 4592 1077 4650 bibliotheca
1090 4600 1227 4650 servatur.

470 4708 536 4751 von.
552 4708 582 4749 ν.
943 4711 962 4750 u
