3817 5692
481 691 545 757 164
711 692 966 756 ARCHELAI
990 691 1054 753 ΕΤ
1079 689 1297 753 MANETIS

481 871 637 934 veterem
656 886 738 934 eum
760 864 891 933 habere
913 861 1101 955 designat?
1138 861 1278 930 Deinde
1306 859 1392 930 illud
1420 861 1528 930 etiam

478 980 734 1071 pervidendum
752 991 816 1062 est,
834 980 917 1071 quia
942 975 1007 1048 ‘ex
1034 1000 1104 1069 quo
1130 977 1200 1045 duo
1223 985 1315 1058 sunt,
1334 977 1528 1070 ingenitam

479 1092 651 1164 habentes
677 1105 848 1176 staturam,
873 1119 919 1164 ex
945 1117 988 1163 eo
1015 1116 1158 1163 necesse
1185 1103 1238 1163 est
1263 1094 1371 1162 etiam
1398 1093 1529 1162 habere

479 1234 755 1304 unumquenque
782 1212 936 1303 ipsorum
963 1218 1064 1278 vetus
1091 1217 1359 1292 testamentum,
1379 1218 1416 1278 et
1442 1207 1529 1278 fient

479 1328 549 1397 duo
567 1336 688 1398 vetera
704 1336 939 1409 testamenta3
966 1326 993 1395 si
1013 1335 1134 1395 tamen
1155 1326 1279 1396 ambos
1296 1325 1471 1416 antiquos,
1491 1336 1528 1395 et

477 1443 552 1512 sine
569 1443 673 1513 initio
689 1465 766 1514 esse
783 1444 880 1514 dieis.
933 1441 1012 1534 Ego
1029 1451 1150 1511 autern
1177 1464 1246 1510 non
1264 1442 1315 1510 ita
1332 1440 1449 1522 didici,
1468 1463 1529 1510 ne-

476 1579 547 1649 que
580 1559 631 1628 ita
664 1561 850 1629 continent
881 1557 1081 1650 Scripturoe.
1137 1555 1192 1624 Tu
1222 1578 1318 1637 vere,
1349 1555 1410 1646 qui
1441 1555 1528 1625 dicis

476 1671 594 1767 legem
614 1673 732 1767 Moysi
750 1697 825 1745 esse
843 1674 988 1768 maligni
1003 1672 1186 1764 Principis,
1201 1681 1238 1741 et
1256 1694 1326 1741 non
1345 1670 1426 1741 boni
1447 1669 1526 1752 Dei,

476 1788 534 1858 dic
563 1790 663 1873 mihi,
689 1793 749 1883 qui
785 1800 887 1862 erant
916 1790 979 1874 illi,
1006 1791 1065 1881 qui
1098 1788 1308 1858 resistebant
1337 1787 1375 1855 in
1400 1787 1525 1857 faeiem

477 1903 608 1997 Moysi,
634 1904 800 1977 Jamnem
832 1907 921 1988 dico,
948 1915 986 1975 et
1018 1905 1243 1975 lllambrem?
1286 1902 1404 1973 Omne
1431 1904 1526 1972 enim

475 2023 570 2113 quod
597 2023 740 2106 resistit,
761 2045 832 2092 nou
858 2023 1001 2093 sibimet
1029 2024 1093 2114 ipsi
1120 2021 1261 2101 resistit,
1286 2020 1347 2089 sed
1373 2019 1444 2101 alii,
1463 2030 1525 2089 aut

475 2136 625 2222 meliori,
643 2150 705 2210 aut
722 2139 900 2222 deteriori,
916 2140 1026 2209 ¹sicut
1045 2137 1178 2209 Paulus
1195 2135 1388 2206 indicated
1406 2135 1526 2205 Timo-

475 2253 600 2323 theum
625 2255 662 2324 in
685 2255 840 2326 secunda
857 2254 1018 2347 Epistola
1035 2275 1098 2324 sua
1114 2252 1302 2323 &scribens
1356 2249 1525 2339 Qucrrrod

475 2369 784 2454 mandamaes,
811 2380 842 2442 et
864 2367 1061 2443 'Mambrae
1087 2368 1285 2440 restiterunt
1302 2365 1425 2461 Moysi
1436 2393 1448 2446 ;
1474 2367 1524 2437 ita

473 2486 596 2556 otiati
625 2487 823 2558 restiterunt
851 2487 1001 2570 veritati,
1028 2482 1182 2556 tornines
1215 2482 1373 2576 corrupti
1408 2493 1524 2565 urente,

473 2600 612 2695 reprobi
634 2603 729 2674 circo
740 2601 873 2696 fldem
899 2600 959 2672 sed
976 2599 1067 2672 rdtro
1084 2624 1153 2671 uon
1168 2598 1357 2693 preficieut.
1410 2595 1525 2668 hInsi-

470 2716 606 2810 pientia
623 2719 714 2789 euim
732 2741 850 2790 eorum
867 2717 1023 2790 mnitibus
1045 2726 1126 2788 noto
1143 2726 1201 2799 est,
1219 2718 1309 2786 sicut
1331 2723 1363 2785 et
1385 2713 1523 2786 illorum

462 2831 554 2928 fcit.
606 2833 719 2906 Vides
736 2836 914 2928 quomodo
931 2835 955 2905 J
957 2857 1108 2917 amnem,
1126 2842 1164 2904 et
1183 2833 1386 2903 Mambrem
1410 2832 1524 2902 homi-

474 2950 578 3021 uibus
607 2961 789 3044 comparat
818 2953 993 3042 corruptis
1022 2960 1155 3033 mente,
1181 2960 1219 3020 et
1247 2949 1404 3042 reprobis
1431 2951 1524 3020 cirea

472 3067 601 3149 fidem3
629 3067 777 3160 Moysen
794 3089 875 3138 vero
889 3068 1042 3138 veritati.
1081 3066 1170 3136 ³Sed
1189 3074 1227 3135 et
1246 3064 1398 3136 Sanctus
1414 3064 1440 3134 J
1441 3087 1523 3134 oan-

472 3202 536 3252 nes
553 3183 730 3252 maximus
744 3173 1050 3277 Evangelistarum
1068 3182 1129 3262 ait,
1139 3183 1289 3275 gratiam
1307 3182 1421 3275 gratia
1436 3203 1524 3272 prae-

471 3305 576 3380 stare,
601 3307 639 3368 et
664 3297 824 3382 differre3
849 3321 896 3368 ex
923 3299 1145 3391 plenitudine
1173 3298 1268 3367 enim
1291 3294 1377 3366 Jesu
1406 3295 1522 3389 legem

473 3409 591 3505 Moysi
609 3415 786 3505 accepisse
802 3436 866 3484 nos
884 3414 991 3492 dicit:
1016 3412 1121 3484 aliam
1147 3421 1268 3483 autem
1291 3411 1441 3504 gratiam
1458 3433 1522 3502 pro

470 3524 532 3596 illa
555 3529 670 3620 gratia
695 3550 759 3621 per
782 3527 905 3599 Jesum
932 3525 1113 3600 Christum
1141 3551 1217 3599 esse
1245 3527 1459 3620 completam
1485 3528 1522 3595 in

471 3640 582 3712 nobis.
633 3642 758 3726 ⁴Quod
777 3645 966 3715 ostendens
983 3645 1092 3715 etiam
1117 3644 1191 3736 ipse
1209 3643 1385 3711 Dominus
1401 3649 1523 3712 noster

511 3804 601 3864 'Hoc
623 3809 652 3865 in
674 3809 738 3866 loco
760 3810 861 3866 lacuna
882 3821 926 3867 est
946 3810 976 3865 iu
996 3808 1130 3865 Bebiensi
1145 3806 1252 3873 codice,
1268 3806 1296 3862 in
1311 3825 1367 3879 quo
1381 3805 1521 3871 scribitur,

468 3923 503 3960 es
516 3924 566 3980 quo
580 3907 632 3962 duo
645 3916 707 3964 sunt
722 3908 840 3983 inperita
857 3907 983 3964 lubeutes
1001 3914 1127 3962 suturam
1148 3905 1267 3981 ipsuum
1286 3910 1481 3969 testamentum,
1496 3911 1522 3958 et

462 3999 544 4072 fient,
559 4005 604 4064 ac.
648 4000 777 4058 Valesius
800 4021 836 4058 ex
861 4001 977 4077 ingenio
1001 4001 1041 4058 ita
1064 4000 1234 4064 emendavit,
1257 4019 1290 4056 ar
1314 4019 1365 4074 quo
1389 4001 1439 4056 duo
1460 4008 1522 4056 sunt

469 4089 596 4165 inperito,
613 4092 709 4150 tolerat
724 4113 758 4150 er
771 4104 870 4151 natura
884 4098 1004 4172 ipsorum
1019 4104 1216 4152 testamentum.
1260 4093 1319 4150 Sed
1338 4094 1429 4168 ipsum
1448 4093 1521 4150 male

468 4190 623 4264 conjecisse
638 4193 801 4250 Casinensis
816 4194 903 4251 codex
918 4194 1054 4252 ostendit.

509 4286 609 4344 sCod.
626 4289 745 4347 Boblen.
761 4292 801 4348 ito
816 4291 946 4348 scribens.

508 4381 521 4416 ¹¹
537 4384 637 4443 Codex
650 4387 768 4445 Bobien.
783 4389 945 4464 desipientia
964 4390 1032 4445 enim
1052 4389 1160 4445 illorum
1175 4389 1385 4463 manifestasti!
1401 4388 1521 4443 omnibus

465 4479 546 4548 sicut,
561 4489 606 4542 dre.
622 4485 697 4556 quod
712 4485 803 4560 magis
818 4485 854 4542 ad
869 4485 1002 4560 Vulgatae
1018 4487 1169 4543 lectionem
1184 4486 1303 4542 accedit.

488 4605 495 4626 ¹
511 4600 612 4659 2Tim.
625 4604 663 4660 iii.
678 4604 705 4670 8,
718 4623 747 4680 9.
828 4611 835 4634 ⁸
851 4606 968 4682 [Graeca
983 4606 1087 4664 liabent
1099 4607 1243 4680 Ἰαμβρῆς]
1321 4606 1427 4663 ’luam
1439 4605 1457 4662 i.
1474 4604 1517 4661 16.

490 4703 496 4734 ¹
512 4695 584 4753 lbid.
598 4719 623 4756 v.
634 4715 684 4776 45,
703 4702 751 4772 46,
766 4719 815 4776 47.
