3817 5692
502 676 546 743 92
730 672 984 735 ARCHELAI
1009 673 1073 734 ET
1098 673 1318 737 MANETIS

502 855 620 916 rantes
638 847 802 937 quoniam
822 845 882 937 qui
900 867 1027 937 corpus
1053 846 1196 927 fecerat,
1215 847 1289 938 ipse
1315 847 1400 917 fecit
1420 855 1458 916 et
1474 848 1550 917 ani-

501 986 608 1033 mam.
660 960 709 1031 Et
731 962 808 1053 quis
833 962 885 1030 ita
907 960 1067 1052 lapideus
1090 969 1157 1043 est,
1175 970 1213 1031 et
1236 961 1397 1045 stolidus,
1414 970 1455 1031 ut
1478 985 1549 1032 nou

501 1078 684 1148 adomnia
705 1078 739 1149 ei
762 1079 831 1147 iste
856 1099 972 1147 sermo
996 1074 1170 1146 sufficiat?
1197 1076 1263 1146 Cui
1290 1079 1441 1147 sermoni
1468 1100 1551 1147 eon-

501 1215 627 1264 sonans
663 1192 796 1264 Paulus
833 1193 893 1271 ait,
928 1193 1164 1283 interpretans
1196 1215 1249 1273 ea,
1283 1214 1365 1283 quae
1398 1193 1436 1261 iu
1470 1193 1549 1286 lege

501 1310 632 1401 scripta
648 1318 740 1391 sunt,
758 1308 826 1378 hoe
842 1308 970 1377 modo:
996 1304 1096 1377 1Νοφι
1117 1305 1323 1402 infraenabis
1340 1330 1377 1378 os
1394 1305 1471 1379 bovi
1486 1308 1551 1378 tri-

501 1422 644 1493 turanti.
680 1419 852 1516 Nunquid
867 1419 909 1491 de
925 1418 1026 1490 bobus
1039 1444 1124 1491 eura
1140 1429 1190 1492 est
1201 1419 1306 1492 Deo?
1329 1416 1431 1492 baut
1440 1444 1549 1515 prop-

501 1546 553 1607 ter
570 1561 633 1607 nos
650 1538 767 1632 utique
783 1535 902 1607 dicit?
927 1535 999 1605 Sed
1018 1536 1102 1627 quid
1128 1536 1357 1607 immoramur
1378 1534 1547 1606 ulterius?

500 1653 663 1744 adjiciam
681 1663 800 1724 tamen
826 1675 938 1745 pauca
954 1653 1000 1722 de
1025 1651 1194 1744 pluribus.
1245 1652 1284 1722 Si
1303 1653 1373 1722 duo
1391 1662 1474 1723 sunt
1496 1653 1549 1720 in·

498 1771 632 1862 genita,
650 1779 687 1838 et
709 1768 765 1839 his
791 1768 869 1838 loca
887 1776 985 1837 certa
1002 1767 1233 1849 decernimus,
1252 1766 1421 1836 dividitur
1438 1764 1547 1848 Deus,

500 1883 530 1953 si
547 1884 640 1952 intra
652 1892 791 1953 eertum
809 1881 926 1951 locum
946 1890 1010 1962 est,
1029 1890 1066 1950 et
1083 1904 1154 1951 non
1179 1881 1311 1972 ubique
1328 1880 1547 1960 diffunditur,

501 2006 539 2069 et
556 1999 625 2070 erit
641 1997 756 2066 multo
773 1996 918 2065 inferior
940 1994 1031 2078 loeo,
1048 1997 1084 2065 in
1102 2019 1173 2087 quo
1191 2005 1255 2076 est,
1274 1994 1426 2087 (cmajus
1452 1999 1547 2066 enim

501 2114 596 2204 quod
613 2113 773 2182 continet
797 2133 935 2202 semper
952 2134 1007 2193 eo,
1026 2134 1133 2203 quem
1150 2112 1323 2204 continet)
1342 2121 1381 2182 et
1398 2111 1549 2181 efficitur

501 2226 601 2297 Deus
626 2228 702 2318 ejus
727 2228 991 2319 magnitudinis,
1008 2228 1108 2318 cujus
1126 2236 1181 2298 est
1201 2227 1310 2309 loeus,
1327 2228 1363 2296 in
1382 2250 1452 2318 quo
1465 2249 1548 2296 eon-

500 2344 645 2422 tinetur,
664 2343 755 2412 sieut
779 2342 896 2424 homo,
913 2339 966 2411 ²si
993 2342 1098 2411 sitin
1124 2343 1239 2413 domo.
1292 2341 1431 2412 Deinde
1456 2342 1547 2411 ratio

499 2455 657 2544 requirit,
676 2454 753 2545 quis
771 2463 834 2534 est,
854 2455 914 2546 qui
941 2456 1035 2523 inter
1058 2476 1118 2523 eos
1135 2454 1303 2534 diviserit,
1321 2466 1384 2523 aut
1400 2456 1479 2546 quis
1495 2455 1547 2524 eis

499 2578 615 2638 certos
636 2572 805 2639 terminos
831 2570 1008 2650 statuerit,
1031 2577 1068 2638 et
1095 2570 1274 2638 invenitur
1292 2571 1368 2661 jam
1395 2580 1545 2662 uterque

499 2685 614 2756 multo
630 2687 774 2756 inferior
794 2684 954 2754 ³virtutis
977 2685 1150 2754 humanae.
1203 2684 1432 2777 Lysimachus
1449 2687 1545 2757 enim

499 2807 537 2869 et
553 2797 758 2869 Alexander
775 2801 886 2869 totius
902 2799 1028 2868 mundi
1046 2800 1232 2890 imperium
1251 2808 1452 2881 tenuerunt,
1470 2822 1546 2870 om·

498 2936 632 3006 nesque
655 2918 815 2985 nationes
841 2914 1015 2997 barbaras,
1033 2924 1140 3005 atque
1163 2938 1269 2984 omne
1293 2937 1407 3007 genus
1432 2915 1546 2983 homi-

498 3052 584 3098 num
610 3030 782 3121 subjicere
808 3039 1012 3121 potuerunt,
1031 3031 1139 3099 itaut
1162 3053 1232 3098 non
1251 3040 1344 3099 esset
1366 3029 1456 3099 alins
1479 3032 1546 3099 im-

497 3157 639 3237 perator
655 3168 718 3238 per
734 3144 820 3214 illud
839 3152 984 3236 tempus
1000 3157 1128 3235 praeter
1139 3146 1239 3239 ,ipsos
1263 3144 1329 3213 sub
1346 3143 1442 3213 caelo.
1494 3142 1544 3213 Et

497 3261 674 3350 quomodo
692 3260 838 3330 audebit
856 3260 1042 3350 quisquam
1066 3261 1195 3341 dicere,
1212 3281 1283 3328 non
1309 3259 1441 3350 ubique
1467 3281 1544 3329 esse

498 3372 626 3457 Deum,
651 3377 711 3467 qui
742 3384 796 3445 est
822 3375 943 3444 lumen
971 3396 1096 3444 verum
1125 3375 1340 3455 indeficiens
1361 3375 1461 3465 cujus
1488 3384 1542 3444 est

496 3513 645 3583 regnum
670 3498 841 3571 sanctum,
869 3498 905 3558 et
933 3490 1200 3582 sempiternum,
1226 3487 1315 3560 deeu
1338 3490 1541 3580 nequissimi

495 3606 596 3676 istius
621 3606 793 3696 impietas,
812 3605 873 3695 qui
899 3626 966 3673 nec
992 3603 1186 3695 ⁰aequalem
1204 3606 1348 3695 quidem
1373 3628 1454 3674 eum
1480 3603 1544 3674 ho-

495 3720 649 3789 minibus
665 3727 880 3811 potestatem
898 3720 1135 3811 omnipotenti
1154 3718 1234 3789 Deo
1252 3720 1386 3790 tribuit.

536 3894 552 3938 b
566 3898 671 3955 Melius
685 3899 809 3974 vulgata,
823 3901 866 3955 An
874 3907 992 3975 propter
1005 3918 1062 3956 noo.

537 4006 551 4038 ⁰
566 3994 600 4049 In
615 3994 772 4063 Casinensi,
786 3996 883 4060 malua,
897 3995 977 4052 nullo
991 4014 1086 4052 sensu.

536 4086 551 4131 (ἲ
567 4091 600 4146 In
614 4092 711 4149 codice
725 4092 872 4149 Casinensi
886 4100 939 4159 est,
955 4111 996 4156 eu,
1011 4092 1086 4166 quod
1100 4091 1253 4166 legendum
1267 4092 1436 4166 putavimus,
1451 4112 1507 4148 eeu.

534 4196 547 4228 e
563 4187 607 4243 Ite
621 4188 804 4265 depravatum
815 4190 909 4245 locum
926 4208 963 4245 ex
976 4189 1092 4263 ingenio
1106 4188 1298 4253 restituimus;
1321 4207 1386 4245 nam
1401 4188 1430 4245 in
1443 4189 1540 4246 codiee

496 4284 644 4341 Cesinensi
658 4284 798 4341 scribitur.
834 4285 896 4343 Nec
909 4304 968 4361 quoe
981 4285 1074 4341 vellem
1085 4285 1199 4359 quidem.

537 4419 544 4442 ¹
577 4431 587 4469 1
607 4412 675 4469 Cor.
689 4414 728 4470 ix.
743 4432 772 4489 9.
863 4420 872 4443 ’
897 4414 1020 4487 [Extant
1033 4413 1148 4488 gemina
1161 4413 1280 4470 istorum
1294 4412 1369 4487 apud
1380 4412 1539 4468 Maximum

494 4508 541 4563 De
554 4508 664 4566 Natura
679 4514 693 4578 §
711 4528 737 4565 2.
773 4508 843 4567 Vid.
859 4528 944 4583 supra
957 4509 1013 4566 vol.
1028 4508 1057 4565 ii.
1072 4509 1172 4565 harum
1187 4509 1277 4584 Reliq.
1292 4527 1318 4583 p.
1333 4508 1478 4582 89—9r.]

536 4613 545 4643 ⁸
563 4606 641 4678 [For.
657 4606 828 4663 Groecismus
842 4614 894 4663 est.
917 4606 1022 4663 Confer
1037 4626 1063 4679 p.
1075 4606 1123 4680 96.
1136 4606 1156 4663 l.
1168 4620 1195 4680 7.
1210 4613 1240 4663 et
1253 4623 1314 4680 cap.
1329 4606 1390 4678 29.]
