3817 5692
425 686 492 753 336
566 686 875 780 TESTIMONIA
898 686 961 751 DE
984 687 1343 753 AUCTORITATE

424 856 510 930 κατά
528 859 587 940 τήν
604 860 691 947 αάτῷ
709 856 861 928 δοθεῖσαν
877 857 1005 954 σοφίαν
1021 855 1176 954 ἔγραφεν
1196 862 1277 942 ὑμῖν·
1300 862 1342 936 ὡς
1366 860 1421 930 καὶ
1448 861 1483 929 ἕν

425 985 549 1050 πασαῖς
565 984 639 1050 ταῖς
655 972 890 1055 Ἐπιστολαῖς,
908 978 1021 1044 λαλῶν
1043 974 1075 1043 ε’ν
1099 975 1211 1052 αι’παῖς
1236 975 1311 1073 περί
1337 976 1482 1047 τούτων·

328 1104 331 1113 “
426 1089 522 1165 ἀνοία
539 1086 603 1179 (οἷς
620 1090 721 1159 codd.
739 1089 895 1182 plurimi)
914 1090 989 1161 ἐστι
1007 1087 1168 1172 δυσνόητά
1187 1122 1273 1175 τινα,
1290 1091 1312 1161 ἃ
1336 1094 1372 1161 οἱ
1394 1092 1484 1174 ἀμα-

427 1213 490 1283 θεῖς
506 1208 558 1277 καί
576 1206 772 1299 ἀστήρικτοι
790 1206 1028 1300 στρεβλοῦσιν,
1046 1207 1086 1282 ὡς
1107 1206 1159 1276 καί
1176 1204 1237 1283 τάε
1253 1204 1377 1284 λοιπὰς
1394 1236 1484 1301 γρα-

427 1320 504 1418 φάς,
522 1319 606 1416 πρὸς
621 1320 681 1401 τήν
699 1319 780 1390 ι’δίαν
793 1320 897 1390 αάτῶν
915 1320 1089 1392 ἀπωλείαν.
1118 1328 1140 1391 2
1156 1322 1235 1393 Pet.
1251 1324 1300 1391 iii.
1316 1327 1377 1406 15,
1393 1324 1454 1394 16.

477 1438 663 1507 DEINCEPS
681 1437 718 1507 S.
738 1437 897 1518 PAULU&
916 1433 1114 1511 διδάσκαλος
1131 1437 1226 1505 ε’θνῶν
1243 1437 1275 1505 ἕν
1292 1438 1407 1506 πίστει
1424 1436 1482 1505 καὶ

427 1552 573 1643 ἀληθείᾳ,
592 1554 628 1621 in
648 1551 759 1621 Priori
777 1549 939 1644 Epistola
956 1552 1001 1622 ad
1019 1551 1224 1622 Corinthios
1240 1553 1312 1622 ait:

477 1667 527 1738 Εἴ
549 1700 601 1744 τις
626 1666 713 1737 δοκεῖ
737 1671 916 1762 προφήτης
938 1664 1016 1736 εἶναι
1044 1666 1062 1747 ή
1086 1663 1309 1748 πνευματικός,
1327 1666 1485 1757 ἐπιγινω-

427 1785 534 1855 σκέτω
558 1781 579 1853 ἀ
607 1780 732 1878 γράφω
756 1783 836 1865 ἀμῖν,
860 1781 914 1853 ὅτι
938 1788 1002 1852 τοῦ
1027 1780 1152 1874 Κυρίου
1177 1780 1259 1850 εἰσὶν
1279 1781 1426 1850 ε’ντολαί·
1454 1784 1487 1851 εί

428 1898 463 1971 δέ
482 1931 534 1976 τις
556 1899 678 1991 ἀγνοεῖ,
701 1897 871 1989 ἀγνοείτω.
899 1896 1016 1968 lCor.
1035 1898 1106 1967 xiv.
1124 1902 1183 1980 37,
1197 1902 1256 1967 38.
1308 1895 1485 1969 conferas

428 2025 536 2109 caput
556 2016 762 2097 secundum,
780 2014 817 2084 in
837 2037 908 2106 quo
927 2014 989 2095 τήν
1006 2012 1249 2083 Θεοπνευστίαν
1266 2012 1333 2084 sibi
1353 2013 1484 2083 asserit

428 2130 619 2222 apostolus.

479 2246 516 2316 S.
533 2245 712 2328 JOANNES,
738 2244 793 2316 vel
824 2247 941 2338 potius
971 2246 1046 2338 ipse
1073 2244 1267 2325 Cnms‘rus,
1293 2245 1330 2313 in
1361 2244 1484 2317 Evan-

429 2361 544 2455 geli0:

476 2474 523 2543 ‘O
540 2473 574 2545 δά
592 2471 826 2571 Παρόιιλητος,
843 2471 886 2544 τό
909 2472 1045 2556 Πνεῦμα
1064 2470 1108 2544 τό
1134 2472 1242 2565 ἅγιον,
1265 2472 1283 2543 ό
1305 2470 1439 2564 πέμψει
1464 2474 1485 2542 ό

430 2588 555 2685 Πατήρ
572 2592 603 2660 ἐν
620 2596 668 2681 τῷ
687 2589 827 2672 ὀνόματί
841 2619 913 2671 μου,
924 2590 1040 2666 ε’κεῖνος
1056 2591 1136 2673 ὑμᾶς
1153 2585 1273 2681 διδάξει
1290 2585 1415 2671 πόνπα,
1428 2589 1485 2658 καὶ

429 2707 606 2788 ὑπομνήσει
624 2708 704 2789 ὑμᾶς
720 2700 869 2775 πόνταδ
889 2703 982 2774 εἷπον
999 2706 1082 2787 ὑμῖν.
1102 2696 1211 2775 ζίοαῐι.
1229 2706 1301 2774 xiv.
1320 2704 1380 2775 26.

481 2822 517 2893 S.
548 2822 724 2892 Cssssss
761 2820 958 2903 ROMANUS,
995 2822 1032 2890 in
1072 2819 1234 2913 Epistola
1270 2819 1315 2890 ad
1356 2816 1487 2890 Corin-

431 2936 547 3005 thios:

478 3046 819 3119 ἈΝΑΛΑΒΕΤΕ
834 3051 893 3132 τήν
904 3050 1086 3132 ε’πιστολήν
1098 3056 1161 3121 τοῦ
1171 3050 1331 3147 μακαρίου
1343 3048 1488 3118 Παύλου

431 3172 492 3238 τοῦ
515 3165 722 3237 ἀποστόλου.
774 3165 821 3236 Τί
845 3171 979 3257 πρῶτον
1002 3168 1074 3248 ὑμῖν
1090 3167 1122 3235 ἐν
1148 3167 1236 3262 ἀρχή
1262 3169 1323 3235 τοῦ
1345 3164 1489 3256 εὐαγγε-

430 3283 504 3351 λίου
520 3279 695 3377 &papam
722 3284 771 3351 ἐπ’
790 3283 942 3364 ἀληθείας
965 3286 1183 3364 πνευματικῶς
1206 3280 1396 3351 ἐπέστειλεν
1413 3281 1488 3361 ὑμῖν

431 3397 507 3493 περί
525 3398 626 3467 αὐτοῦ
641 3430 680 3469 τε
696 3398 748 3467 καί
763 3397 872 3494 Κηφᾶ
889 3429 928 3468 τε
943 3397 995 3467 καὶ
1010 3395 1188 3481 Ἀπόλλω,
1202 3394 1254 3466 διὰ
1270 3393 1314 3466 τό
1330 3394 1384 3463 καί
1400 3394 1488 3465 τότε

431 3512 646 3608 προσκλίσειε
670 3514 750 3594 ὑμᾶς
775 3516 988 3594 πεποιῆσθαι·
1016 3512 1092 3581 ἀλλ’
1117 3516 1135 3592 ή
1161 3511 1361 3608 πρόσκλισις
1385 3510 1486 3591 ε’κείνη

432 3629 535 3709 ήττον
564 3627 731 3721 ἁμαρτίαν
759 3628 830 3708 ὑμῖν
863 3631 1096 3723 προσήνεγκεν·
1135 3624 1381 3722 προσεκλίθητε
1416 3622 1486 3719 γὰρ

433 3743 641 3818 ἀποστόλοις
677 3743 974 3839 μεμαρτυρημένοις
1010 3743 1063 3813 καὶ
1100 3741 1191 3837 ἀνδρί
1226 3740 1486 3831 δεδοκιμασμένῳ

433 3861 513 3953 παρ’
530 3859 650 3934 αὐτοῖς.
675 3881 750 3950 cap.
764 3862 823 3933 47.
842 3880 876 3950 p.
892 3862 976 3933 173.
994 3857 1079 3928 edit.
1096 3857 1285 3928 Jacobson.

754 4123 1075 4195 SAECULUM
1115 4125 1165 4195 II.

804 4273 842 4343 S.
868 4273 1119 4345 Posscmss.

487 4407 637 4477 Scmffl‘r
662 4404 699 4476 S.
722 4405 936 4498 Polycarpus
961 4404 1122 4500 Epistola
1149 4403 1197 4475 ad
1222 4401 1467 4497 Philippenses
1479 4429 1491 4483 ,-

434 4522 564 4590 -οἷίτε
580 4519 648 4617 γὰρ
666 4520 743 4613 ε’γιά,
762 4521 840 4590 οὔτε
866 4518 971 4596 ἀλλος
994 4520 1106 4604 ὅμοιος
1129 4519 1201 4603 ε’μοί
1227 4517 1358 4589 δύναται
1385 4548 1491 4589 κατα-

435 4639 634 4717 κολουθήσαι
648 4642 691 4731 τῇ
701 4637 808 4731 σοφίᾳ
822 4642 884 4707 τοῦ
895 4638 1056 4731 μακαρίου
1071 4636 1123 4707 καὶ
1141 4633 1272 4728 ἐνδόξου
1285 4633 1434 4705 Παόλου·
1454 4636 1491 4714 ὃς
