3817 5692
427 683 492 748 226
795 685 825 747 S.
843 684 1114 748 AUGUSTINI

427 878 570 927 carnem
595 854 779 946 sapiebant
804 858 909 937 avari,
935 855 1163 933 fraudatores,
1191 861 1357 944 raptores,
1383 853 1480 922 inter

428 993 515 1063 quos
543 972 710 1064 gemebat
743 973 817 1063 ipse
845 971 1052 1064 Cyprianus.
1106 969 1200 1052 Quid
1235 991 1318 1062 ergo
1353 967 1404 1036 illi
1441 969 1479 1036 in

428 1088 567 1156 unitate
583 1085 716 1155 viventi
735 1086 883 1155 oberant
901 1083 1056 1154 mortuil
1087 1083 1166 1153 Aut
1184 1085 1262 1175 quis
1279 1083 1375 1153 dicat
1392 1084 1480 1173 bap-

429 1204 575 1273 tismum
593 1201 725 1271 Christi
751 1201 845 1291 quod
871 1200 960 1270 tales
985 1200 1158 1270 haberent
1182 1198 1238 1268 vel
1264 1199 1399 1280 darent,
1417 1221 1482 1268 eo-

429 1340 508 1386 rum
526 1316 772 1407 iniquitatibus
789 1317 896 1386 fuisse
913 1315 1109 1385 violatum?

482 1431 651 1501 Polianus
679 1455 701 1501 a
731 1430 846 1501 Mileo
881 1432 992 1501 dixit:
1027 1428 1171 1499 Justum
1201 1438 1250 1499 cst
1279 1425 1480 1499 decreticum

429 1542 604 1637 baptizari
621 1544 659 1612 ia
676 1543 833 1615 Ecclesia
850 1553 1000 1615 Psaacla.

480 1658 581 1728 Nihil
611 1659 755 1751 quidem
785 1660 925 1730 brevius
951 1660 1020 1729 dici
1050 1660 1178 1750 potuit.
1231 1656 1302 1727 Sed
1329 1667 1417 1749 puto
1441 1666 1482 1726 et

429 1774 498 1845 hoo
523 1775 631 1845 breve
656 1783 730 1845 est:
758 1775 902 1845 Justum
931 1784 985 1845 est
1013 1775 1229 1867 baptismum
1250 1771 1380 1842 Christi
1406 1794 1483 1841 nou

431 1889 608 1961 exsufflari
625 1890 662 1959 in
681 1889 840 1961 Ecclesia
856 1890 1000 1960 Christi.

481 2003 689 2098 Theogenes
723 2004 768 2074 ab
803 2004 1085 2097 Hippone-regio
1120 2005 1239 2073 dixit:
1281 2001 1481 2075 Secundum

430 2127 680 2189 sacramentam
711 2118 805 2189 aDa
827 2120 957 2215 pratioe
987 2118 1129 2190 calcatis
1158 2116 1251 2212 quod
1278 2118 1481 2211 accepimus,

431 2255 538 2302 auam
556 2230 739 2327 ¹laptismc
757 2234 848 2327 quod
863 2245 912 2305 cst
929 2235 967 2304 la
984 2233 1141 2305 Ecclesia
1162 2243 1281 2304 sancta
1298 2232 1481 2304 credimus.

482 2344 608 2416 Potest
632 2355 670 2415 et
697 2370 777 2417 mea
801 2370 877 2418 esse
903 2351 1088 2419 sententia.
1142 2348 1202 2418 Sic
1229 2348 1324 2417 enirn
1352 2346 1484 2416 librata

431 2468 497 2543 est,
514 2469 557 2528 ut
582 2460 670 2530 nihil
694 2461 823 2533 habeat
844 2472 967 2534 contra
983 2465 1181 2533 veritatem.
1233 2462 1327 2531 Nam
1353 2468 1391 2531 et
1416 2482 1483 2529 nos

431 2598 542 2643 unum
572 2576 748 2666 baptisma
776 2578 870 2668 quod
893 2586 948 2648 est
973 2579 1009 2647 in
1037 2576 1197 2647 Ecclesia
1224 2584 1345 2646 sancta
1369 2574 1484 2644 credi-

432 2713 521 2760 mus.
574 2690 613 2759 Si
639 2700 760 2761 autem
788 2694 943 2774 dixisset,
962 2694 1056 2785 quod
1083 2701 1138 2761 est
1162 2692 1199 2759 in
1225 2690 1299 2761 sola
1322 2689 1485 2759 Ecclesia

432 2813 555 2874 sancta
584 2807 778 2876 credimnst
805 2808 1089 2898 respondendum
1115 2816 1192 2876 erat
1221 2807 1313 2875 sicut
1342 2805 1482 2875 ceteria

434 2918 542 2989 Nunc
560 2943 643 2989 vero
660 2923 743 3012 quia
764 2921 813 2991 sic
831 2922 966 2990 dictum
984 2929 1048 3003 est,
1073 2918 1187 2992 Unum
1206 2918 1374 3013 baptisma
1391 2917 1487 3011 qaod

432 3043 482 3103 cst
504 3034 542 3103 ia
559 3032 716 3104 Ecclesia
741 3043 859 3105 sancta
882 3034 1075 3113 credimus:
1102 3045 1143 3104 ut
1170 3057 1246 3105 esse
1273 3034 1415 3125 quidem
1444 3033 1485 3102 in

434 3147 594 3218 Ecclesia
611 3159 733 3219 sancta
749 3149 933 3232 diceretur,
952 3151 1069 3220 sedet
1092 3149 1176 3219 alibi
1194 3171 1356 3220 essenon
1375 3170 1486 3241 nega-
1572 3231 1574 3236 Ι

434 3273 550 3333 retur:
578 3264 762 3354 quodlibet
787 3264 849 3334 ille
874 3266 1032 3345 senserit,
1051 3273 1174 3334 contra
1196 3263 1269 3333 haeo
1287 3263 1393 3334 verba
1413 3264 1486 3333 dis-

435 3387 561 3467 putare
578 3401 650 3447 non
668 3402 756 3471 opus
774 3389 839 3450 est.
886 3381 924 3450 Si
942 3381 1037 3449 enim
1055 3381 1101 3450 de
1117 3401 1176 3448 me
1193 3379 1331 3472 singula
1348 3400 1484 3470 quaere·

435 3499 568 3572 rentur,
596 3500 715 3562 utrum
747 3504 839 3564 esset
869 3518 981 3565 unum
1010 3496 1208 3586 baptismaz
1234 3495 1484 3586 responderem

435 3628 547 3674 unum
565 3629 651 3677 esse.
704 3607 845 3677 Deinde
863 3612 891 3679 si
909 3612 1155 3704 interrogarer,
1166 3620 1286 3680 utrum
1305 3610 1372 3680 hoc
1390 3620 1486 3679 esset

435 3721 473 3788 in
500 3719 660 3791 Ecclesia
685 3733 825 3795 sancta:
852 3725 1101 3816 responderem
1131 3726 1198 3795 hoc
1225 3747 1311 3796 esse.
1362 3724 1485 3793 Tertio

436 3835 464 3903 si
496 3846 719 3924 quaereretur,
750 3847 870 3909 utrum
900 3839 968 3909 hoc
998 3840 1173 3931 baptisma
1201 3840 1401 3909 crederem:
1430 3862 1486 3907 re-

436 3950 644 4040 sponderem
670 3953 721 4023 ita
744 3976 802 4023 me
822 3956 986 4037 credere;
1012 3978 1053 4025 ac
1079 3979 1142 4047 per
1166 3955 1233 4024 hoc
1259 3978 1370 4024 unum
1396 3954 1485 4044 bap·

476 4172 492 4216 1>
507 4160 556 4219 Sic
570 4163 599 4219 in
614 4164 737 4237 antiquis
752 4164 843 4222 MSS.
859 4174 888 4222 et
902 4165 977 4239 apud
991 4165 1078 4240 Cypr.
1113 4166 1153 4222 At
1168 4168 1197 4223 in
1211 4167 1295 4224 editis
1309 4169 1374 4224 Am.
1389 4174 1418 4223 et
1433 4167 1484 4223 Er.

435 4259 464 4315 ia
478 4258 606 4316 Ecclesia
622 4259 733 4316 Cdriati.

477 4356 575 4412 ‹tVox
591 4357 646 4412 Dei
659 4375 721 4430 quoe
740 4356 776 4412 ab
790 4355 840 4412 Er.
855 4365 885 4412 et
900 4356 969 4414 Lov.
984 4367 1126 4432 expuncta
1146 4359 1247 4427 fuerat,
1269 4360 1427 4417 restituitur
1447 4378 1486 4416 ex

436 4449 524 4507 MSS.
539 4459 568 4508 et
581 4450 647 4506 Am.

478 4595 485 4618 ¹
505 4589 688 4663 [Baptismam
702 4588 770 4644 editi
785 4598 813 4645 et
827 4587 918 4645 MSS.
934 4592 986 4648 sed
1007 4593 1148 4667 baptisma,
1171 4595 1246 4669 quod
1267 4595 1340 4651 infra
1359 4596 1486 4670 positum

438 4691 491 4747 est,
506 4701 542 4740 ex
557 4683 700 4759 Cypriane
714 4685 851 4759 reposui]
