3817 5692
655 767 658 771 .
763 705 1073 769 DlSPUTATIO.
1379 711 1442 772 153

392 879 508 947 minus
524 875 628 948 Jesus
646 878 807 948 Christus
825 880 956 961 dicens,
976 877 1314 973 ¹Nuuquidpotcstis·
1332 877 1441 974 ‘silius

391 993 509 1086 spousi
523 991 648 1086 fucere
661 994 835 1086 jejunare,
854 993 960 1065 donec
985 1018 1061 1065 cum
1083 996 1169 1088 ipsis
1192 1005 1241 1066 cst
1265 998 1442 1089 sporum?

392 1110 464 1179 Sed
493 1112 797 1181 circumcisionem
830 1134 901 1180 non
935 1112 1075 1202 abjecit,
1103 1112 1188 1202 quin
1219 1114 1336 1204 potius
1366 1115 1441 1205 ipse

390 1226 573 1317 pronubis
595 1227 631 1294 in
655 1227 877 1317 semitipsum
904 1249 1044 1296 causam
1064 1226 1338 1296 circumcisionis
1354 1236 1441 1299 ssex·

391 1343 497 1433 cepit,
515 1341 634 1412 labore
651 1364 716 1411 nos
733 1341 902 1422 relevans,
920 1350 959 1410 et
975 1344 1049 1434 pati
1076 1364 1139 1411 nos
1165 1342 1293 1412 frustra
1311 1342 1440 1414 doloris

391 1456 523 1548 aliquid
550 1480 621 1526 non
647 1456 774 1526 sinens.
827 1454 923 1538 Quid
958 1457 1054 1525 enim
1087 1458 1230 1548 prodest
1258 1458 1441 1528 circumci-

392 1573 490 1641 denti
516 1593 554 1641 se
580 1572 734 1661 quidem,
757 1579 795 1640 et
820 1571 986 1643 adversus
1011 1573 1213 1663 proximum
1236 1595 1337 1642 suum
1362 1594 1440 1663 pes·

391 1689 480 1756 sima
497 1686 693 1780 cogitanti?
718 1685 847 1757 Voluit
863 1698 985 1756 autem
1003 1688 1114 1780 magis
1132 1687 1334 1782 largissimae
1352 1683 1440 1757 hviae

392 1803 504 1893 spatia
532 1802 782 1894 compendioso
811 1803 910 1872 nobis
938 1802 1080 1871 tramite
1116 1802 1366 1884 demonstrare,
1394 1825 1440 1872 ne

391 1917 491 2000 forte,
519 1941 600 1988 cum
631 1918 737 2012 longa
762 1918 874 2010 spatia
897 1919 1096 1998 circuimus,
1122 1926 1207 1986 ante
1235 1917 1336 1987 nobis
1364 1918 1440 1988 dies

391 2036 577 2107 claudatur
594 2039 631 2106 in
649 2047 813 2120 noctem3
839 2046 877 2107 et
895 2037 980 2106 dum
1000 2036 1146 2105 'deforis
1163 2036 1306 2127 quidem
1324 2035 1441 2127 splen·

391 2154 464 2223 didi
490 2152 693 2223 hominibus
716 2175 936 2244 apparemus,
954 2154 1165 2224 intrinsecus
1190 2151 1282 2244 lupis
1308 2154 1441 2244 rapaci·

390 2267 456 2338 bns
481 2290 737 2359 comparemur,
754 2277 817 2338 aut
834 2267 1027 2359 sepulchris
1053 2267 1275 2337 conferamur
1298 2266 1439 2338 dealba-

391 2383 447 2452 tis.
484 2378 623 2454 iMulto
640 2385 735 2454 enim
754 2384 815 2454 ille
828 2383 910 2454 huic
929 2384 1164 2475 praeferendus
1181 2390 1245 2463 est,
1263 2383 1325 2472 qui
1342 2391 1440 2455 veste

392 2498 559 2589 squalida,
578 2522 619 2569 ac
643 2499 774 2569 detrita
797 2499 1031 2579 circundatus,
1050 2498 1139 2569 nihil
1162 2498 1246 2568 mali
1272 2500 1308 2567 in
1335 2499 1440 2570 corde

391 2636 454 2683 suo
486 2614 691 2685 conclusum
722 2616 855 2684 retinet
888 2615 1055 2685 adversus
1089 2615 1290 2705 proximum
1325 2637 1439 2684 suurn.

391 2724 539 2801 kCordis
556 2736 649 2803 enim
669 2732 889 2802 circumcisio
907 2730 981 2800 sola
998 2730 1149 2800 salutem
1168 2729 1325 2813 confert3
1351 2729 1438 2799 nihil

392 2857 537 2939 praestat
555 2850 606 2919 eis
622 2851 690 2922 ista
710 2846 869 2929 carnalis,
887 2847 953 2916 nisi
978 2846 1070 2915 forte
1095 2845 1267 2936 spirituali
1291 2848 1441 2916 circum-

391 2965 523 3034 cisione
540 2967 752 3036 muniantur.
797 2960 893 3032 Audi
912 2963 1019 3032 etiam
1039 2961 1123 3052 quid
1142 2962 1229 3031 dicit
1247 2960 1438 3053 Scriptura,

390 3077 513 3150 ³Beuti
530 3079 657 3150 mundo
673 3077 784 3161 corde,
803 3079 886 3172 quia
904 3077 973 3173 ipsi
990 3075 1104 3148 Deum
1121 3074 1289 3148 videbunt.
1342 3078 1437 3163 Quid

390 3218 474 3288 ergo
491 3195 579 3265 mihi
603 3218 691 3288 opus
717 3205 771 3266 est
795 3195 966 3278 laborare,
985 3215 1067 3264 cum
1085 3194 1310 3287 cognoverim
1329 3188 1439 3265 ¹com-

389 3320 519 3412 pendia
536 3320 614 3400 viae,
633 3320 661 3389 si
685 3341 826 3411 possum
843 3318 999 3388 mundus
1019 3339 1095 3387 esse
1112 3317 1227 3398 corde,
1245 3318 1337 3388 sicut
1355 3318 1439 3387 etsi

390 3437 469 3527 quis
493 3434 681 3527 praevaleat
707 3437 744 3504 in
770 3434 926 3504 ⁴duobus
956 3432 1132 3502 mandatis
1155 3454 1296 3501 omnem
1322 3431 1437 3525 legem

430 3622 443 3665 f
454 3626 489 3681 In
504 3643 598 3700 graeco
614 3636 657 3681 est
671 3627 720 3679 vicl
731 3628 876 3697 νυμφῶνος,
880 3623 941 3699 filii
952 3622 1065 3679 thalami
1077 3622 1221 3697 sponsalis,
1237 3642 1295 3686 seu.
1309 3631 1340 3679 ut
1354 3624 1439 3680 vertit

390 3718 526 3794 Vulgata,
534 3719 594 3794 filii
607 3720 773 3795 nuptiarum,
790 3738 851 3793 quae
867 3719 999 3776 meliores
1014 3727 1081 3774 sunt
1095 3718 1179 3793 hujus
1193 3718 1248 3775 loci
1259 3718 1413 3776 versiones.

430 3826 447 3871 8
461 3816 561 3873 Codex
575 3816 734 3880 Bobiensis‚
749 3818 876 3892 suscepit.
910 3816 990 3888 (For.
1006 3814 1223 3889 recipiendum.)

429 3910 446 3954 ¹¹
468 3913 568 3970 Codex
590 3913 747 3978 Bobiensis,
769 3913 819 3969 uiae
837 3913 1051 3988 compendiosum
1073 3912 1150 3967 uobis
1171 3913 1307 3968 tramitem
1331 3912 1436 3968 demum

387 4018 489 4067 strare.

429 4104 438 4147 ¹
453 4107 533 4163 Idem
547 4107 647 4171 codex,
662 4107 774 4163 multum
788 4107 866 4162 euim.
901 4106 980 4177 (For.
996 4104 1039 4160 lu'c
1052 4123 1105 4179 pro
1120 4104 1181 4161 lmic
1195 4105 1397 4176 scribendum.)

429 4201 541 4261 ¹¹ldem
556 4203 655 4267 codex,
670 4204 759 4259 cordis
773 4221 846 4277 erpo.
873 4202 910 4259 Et
923 4221 1002 4265 mox,
1015 4200 1085 4257 nihil
1092 4209 1242 4277 prestante
1255 4202 1369 4259 curtiali.
1399 4201 1437 4258 Et

388 4302 470 4366 infra,
484 4302 628 4358 muniatur.

429 4396 437 4439 ¹
453 4398 533 4454 ldem
547 4399 647 4463 codex,
663 4398 844 4474 compendium
858 4398 917 4453 viae.

417 4540 424 4563 ¹
440 4534 531 4592 Marc.
547 4536 574 4592 ii.
591 4554 634 4611 19.
719 4536 815 4593 ’Mat
832 4534 909 4592 xxiii
928 4550 975 4611 27.
991 4544 1020 4592 et
1033 4536 1080 4591 vii.
1099 4550 1143 4609 15.
1227 4531 1323 4588 ³lbid.
1339 4550 1365 4587 v.
1384 4530 1411 4586 8.

789 4642 799 4670 ⁴
814 4632 886 4689 Mat.
901 4632 970 4689 xxii.
988 4650 1036 4704 40.

477 4748 544 4790 rou.
561 4749 591 4789 v.
923 4747 946 4788 x
