3817 5692
752 704 1062 767 DISPUTATIO.
1367 706 1431 770 147

382 874 456 943 dies
478 875 522 944 ad
545 899 603 944 me
621 885 775 957 venerat,
794 886 832 946 et
853 876 1048 958 scientiam,
1065 875 1169 945 aliam
1195 885 1322 967 praeter
1338 900 1428 957 eam,

383 1013 460 1080 quae
477 991 685 1083 Apostolica
702 1002 768 1075 est,
787 1004 823 1060 et
847 990 1103 1071 Ecclesiastico,
1122 992 1343 1061 introducere
1369 1015 1429 1061 cu-

383 1106 511 1196 piebat,
532 1107 575 1176 ad
594 1116 631 1175 te
648 1129 789 1196 quoque
807 1108 963 1187 venerit;
989 1130 1094 1197 quem
1113 1106 1256 1196 quidem
1274 1130 1340 1200 ego
1358 1130 1429 1176 non

383 1221 518 1301 admisi,
537 1223 571 1290 in
591 1224 753 1313 praesenti
779 1223 873 1290 enim
900 1222 1001 1290 nobis
1023 1222 1283 1313 disputantibus
1309 1223 1430 1292 confu-

383 1345 480 1405 tatus
497 1347 561 1406 est.
613 1335 667 1406 Et
680 1336 785 1406 velim
805 1336 948 1427 quidem
967 1338 1093 1418 onmia,
1111 1360 1189 1427 quae
1212 1362 1233 1407 a
1256 1361 1314 1407 rna
1335 1339 1430 1408 dicta

384 1460 476 1531 sunt,
495 1452 646 1521 scribere
672 1453 749 1534 tibi,
767 1462 809 1521 nt
827 1476 872 1521 ex
899 1452 952 1522 his
978 1475 1184 1545 agnosceres
1206 1454 1311 1524 fidem
1331 1455 1427 1546 ejus3

383 1567 445 1635 sed
475 1569 557 1657 qnia
585 1568 629 1636 de
653 1569 790 1637 vacanti
823 1564 910 1636 ifieri
937 1571 1068 1659 poterit
1095 1568 1171 1650 boc,
1203 1593 1307 1651 nunc,
1335 1573 1428 1662 qnod

383 1682 503 1761 instat,
529 1683 649 1773 paucis
672 1685 882 1774 respondere
908 1683 972 1753 tibi
1001 1686 1234 1754 necessarium
1261 1686 1357 1765 duxi,
1384 1686 1428 1756 ad

384 1820 428 1865 ea
444 1820 521 1887 quae
537 1796 622 1865 mibi
641 1800 819 1890 scripsisti,
837 1800 932 1889 quod
950 1799 995 1868 ab
1012 1799 1074 1867 ilio
1092 1801 1301 1871 dicerentur.
1343 1803 1430 1872 Erat

384 1935 468 2004 ergo
490 1913 522 1980 ei
545 1907 745 1982 ksummum
771 1915 938 1995 studium,
962 1914 1076 2007 legem
1102 1914 1220 2007 Moysi
1244 1918 1430 1986 ostendere

384 2050 453 2095 non
472 2050 548 2097 esse
566 2039 818 2098 consonantem
842 2028 911 2121 legi
929 2027 1072 2111 Christi,
1090 2039 1127 2099 ct
1144 2029 1218 2099 baec
1236 2052 1281 2100 ex
1302 2033 1429 2102 nostris

385 2144 575 2234 Scriptnris
598 2167 796 2214 asseverare
818 2145 991 2216 tentabat.
1045 2144 1123 2215 Nos
1135 2169 1223 2215 uero
1241 2170 1286 2216 ex
1304 2148 1428 2217 eadem

384 2261 460 2351 ipsa
476 2263 649 2351 scriptura
662 2283 733 2329 non
751 2260 864 2329 solum
878 2261 1161 2331 confirmavimus
1175 2261 1288 2354 legem
1301 2263 1428 2355 Moysi,

385 2385 423 2446 et
441 2378 567 2456 omnia,
586 2400 667 2466 qnae
685 2376 720 2445 in
738 2400 781 2446 ea
797 2377 926 2467 scripta
940 2387 1042 2459 sunt3
1068 2400 1186 2447 vemm
1203 2381 1309 2448 etiam
1323 2403 1429 2450 omne

386 2502 486 2562 vetus
517 2501 768 2562 testamentum
798 2494 984 2562 convenire
1015 2516 1105 2561 novo
1136 2503 1360 2575 testamento,
1392 2504 1430 2565 et

385 2631 575 2678 consonare
601 2609 834 2699 probavimua
861 2630 1043 2698 unumque
1068 2631 1144 2678 esse
1174 2618 1325 2691 textum,
1352 2621 1429 2681 tan-

386 2745 490 2812 quam
518 2725 546 2792 si
572 2746 642 2792 una
665 2723 772 2792 vestis
798 2722 961 2792 videatur
986 2717 1045 2791 ¹ex
1074 2723 1298 2814 subtegmine
1321 2733 1429 2816 atque

385 2840 535 2908 stamine
552 2860 628 2907 esse
645 2845 823 2907 contexta.
864 2835 946 2905 Hoc
964 2835 1089 2917 solnm,
1108 2836 1201 2926 qnod
1219 2836 1329 2906 veluti
1347 2860 1429 2927 pur·

386 2975 508 3043 puram
533 2953 693 3022 videmus
718 2953 754 3021 in
781 2960 892 3034 veste,
917 2974 1048 3020 novum
1076 2960 1331 3021 testamentum
1362 2955 1428 3023 ¹¹¹in

386 3077 529 3138 textura
539 3070 668 3139 veteris
686 3068 912 3146 testamenti;
939 3078 953 3106 ¹¹
959 3066 1106 3160 gloriam
1125 3068 1219 3136 enim
1231 3064 1373 3138 Domini
1392 3071 1429 3139 in

385 3184 511 3253 eodem
528 3177 767 3276 speculamur.'
800 3181 884 3250 Non
903 3204 987 3274 ergo
1005 3180 1240 3271 abjiciendum
1259 3193 1313 3253 est
1331 3193 1430 3276 ‘’spe-

385 3298 516 3380 culum,
542 3322 624 3368 cum
650 3299 751 3368 nobis
777 3300 887 3389 ipsam
914 3296 1103 3388 imaginem
1128 3319 1244 3365 rernm
1267 3298 1429 3382 similem,

385 3437 574 3506 veramque
601 3415 861 3495 sdemonstret3
888 3413 973 3503 quin
1000 3412 1128 3502 potino,
1152 3424 1189 3481 et
1215 3436 1257 3482 eo
1278 3413 1430 3504 amplius

385 3673 439 3727 qne
460 3653 496 3709 ad
517 3660 602 3725 caput
616 3651 665 3724 46.
687 3652 771 3725 hujus
790 3652 883 3725 operis
898 3651 986 3730 edidit
1006 3650 1111 3724 pariter
1125 3670 1161 3707 ex
1181 3651 1277 3708 codice
1296 3651 1431 3708 Bobiensi

387 3750 527 3813 Valesius,
542 3750 623 3823 cujus
638 3749 727 3804 varias
741 3748 878 3805 lectiones
892 3747 1069 3803 adnotamus.

426 3845 433 3887 i
448 3846 519 3903 cod.
534 3845 618 3909 Bob.,
627 3845 695 3920 fieri
707 3853 805 3918 potest.
954 3840 972 3883 k
987 3842 1058 3899 eod.
1076 3843 1158 3908 Bob.,
1173 3862 1248 3898 snum
1262 3844 1387 3899 studium.

426 3943 434 3988 Ι
462 3943 496 3999 In
521 3942 668 3999 Casinensi
693 3951 745 4006 est,
769 3962 802 3998 er
825 3941 979 4003 subtemine,
1001 3948 1028 3995 er
1053 3958 1110 4014 quae
1133 3940 1255 3995 stamine.
1297 3940 1356 3998 Sed
1378 3961 1431 3998 nos

387 4039 532 4097 Bobiensis
546 4039 607 4095 cod.
622 4039 774 4095 lectionem
789 4037 934 4093 meliorem
950 4055 1013 4092 esse
1028 4035 1197 4092 censuimus.

425 4148 448 4179 ¹¹¹
464 4136 555 4193 Codd.
572 4136 668 4192 Casin.
684 4144 713 4192 et
727 4135 801 4191 Bob.
817 4135 1004 4190 intexturam.

426 4248 441 4278 ¹¹
464 4234 621 4308 Corruptus
640 4243 684 4290 est
702 4234 757 4289 hoc
778 4233 807 4289 in
826 4232 889 4289 loco
904 4231 1053 4288 Bobiensis
1067 4231 1167 4294 codex.
1183 4250 1266 4304 quem
1281 4250 1337 4287 non
1353 4241 1430 4289 recte

385 4332 514 4388 Valesius
526 4330 657 4387 correxit.
681 4334 736 4403 (um
751 4349 803 4405 pro
814 4331 883 4386 enim
896 4329 960 4386 cod.
976 4328 1109 4395 habente,
1122 4328 1168 4384 ille
1181 4329 1304 4384 correxit
1314 4328 1403 4399 Jeru.)

425 4439 440 4469 ⁰
455 4428 617 4485 Casinensis
631 4448 688 4484 non
703 4438 789 4493 recte,
800 4427 937 4504 speculum
951 4426 1028 4482 nobis
1037 4446 1090 4501 per
1104 4426 1189 4500 bisam
1200 4425 1349 4499 imopinem.
1372 4423 1430 4481 Sed

384 4527 483 4584 melior
496 4525 551 4582 alia
564 4525 713 4583 bobiensis
727 4526 831 4582 codicis
845 4525 940 4590 lectio,
957 4543 1040 4597 quam
1056 4522 1144 4579 secuti
1159 4540 1265 4578 snmus.

425 4635 440 4678 n
456 4623 612 4687 Bobiensis,
629 4624 827 4680 demonstrarit.

880 4739 898 4778 U
917 4733 934 4779 2
