3817 5692
799 711 1112 776 DISPUTATIO.
1438 714 1482 777 53

430 880 554 977 ἔανιῆε
581 879 699 958 ἔκτισε
726 879 772 958 τὰ
799 881 907 987 φυτὰ,
930 886 989 961 καὶ
1016 883 1236 983 συλωμενων
1264 884 1381 963 αὐτῶν
1408 881 1480 964 ἀπό

428 1039 535 1084 τινων
548 1003 754 1107 Ἀρχόντων
767 1004 918 1087 ἐκάλεσε
935 1007 1074 1093 πάντας
1090 1007 1172 1091 τοὺς
1191 1016 1263 1088 τῶν
1274 1008 1481 1114 Ἀρχόντων

428 1134 663 1235 πρωτίστουτ,
682 1134 741 1210 καὶ
759 1132 891 1227 ἔλαβεν
908 1136 969 1214 ἀπ’
989 1138 1106 1214 αὐτῶν
1124 1133 1193 1214 ἀνὰ
1215 1136 1301 1233 μίαν
1320 1134 1479 1233 δύναμιν,

429 1261 489 1337 καὶ
515 1255 757 1337 κατεσκεύασε
783 1258 847 1336 τὸν
872 1258 1072 1361 ἄνθρωπον,
1091 1257 1155 1337 τὸν
1182 1258 1274 1338 κατὰ
1301 1257 1367 1358 τὴν
1386 1258 1481 1339 ἰδέαν

429 1394 493 1466 τοῦ
515 1383 660 1487 πρώτον
685 1382 875 1485 ἀνθρώπου
900 1384 1042 1481 ἐκείνου,
1061 1388 1119 1464 καὶ
1142 1384 1248 1485 ἔδησε
1271 1382 1338 1484 τὴν
1355 1382 1481 1490 ψυχὴν

429 1513 468 1590 ἐν
484 1513 593 1616 αὐτῷ.
631 1510 743 1607 ἀὕτη
762 1509 840 1587 ἐστὶ
859 1512 923 1607 τῆς
941 1508 1177 1613 συγκράσεως
1195 1512 1218 1609 ἡ
1237 1511 1417 1595 ὑπόθεσις.

480 1637 590 1708 VIII.
606 1632 699 1713 Ὅτε
731 1631 770 1713 δὲ
802 1630 892 1713 εἶδεν
916 1636 936 1713 ὃ
961 1632 1089 1736 Πατὴρ
1120 1637 1139 1713 ὁ
1168 1633 1237 1735 ζῶν
1262 1637 1480 1736 θλιβομένων

428 1757 494 1859 τὴν
511 1757 637 1863 ψυχὴν
655 1763 692 1838 ἐν
715 1766 767 1867 τῷ
793 1760 945 1859 σώματι,
965 1762 1221 1865 εὔσπλαγχνας
1248 1758 1299 1839 ὧν
1321 1763 1379 1840 καὶ
1403 1764 1480 1841 ε’λε-

429 1884 539 1985 ἧμων,
567 1885 705 1993 ε”ττεμψε
740 1884 804 1966 τὸν
821 1885 912 1966 Υἱὸν
941 1888 1051 1967 αὐτοῦ
1082 1886 1146 1966 τὸν
1174 1887 1404 1988 ἠγαπημένον
1432 1894 1480 1972 εἰς

428 2013 611 2113 σωτηρίαν
635 2018 698 2111 τῆς
725 2018 862 2118 ψυχῆς.
903 2012 963 2093 διὰ
990 2011 1061 2116 γὰρ
1088 2012 1221 2112 ταύτην
1245 2012 1311 2113 τὴν
1328 2013 1476 2122 πρόφα-

428 2140 584 2235 σιν,καῖ
611 2136 677 2237 τὴν
704 2147 768 2218 τοῦ
786 2136 1006 2246 Ὠμοφόρον,
1032 2140 1242 2219 ἀπέστειλεν
1267 2139 1384 2220 αὐτόν.
1420 2144 1479 2220 καὶ

428 2264 545 2343 ἐλθὼν
568 2264 695 2349 ὁΥἱὸτ
722 2263 1034 2370 μετεσχημάτισεν
1060 2264 1186 2346 ἑαυτὸν
1213 2272 1262 2350 εἷς
1289 2267 1478 2370 ἀνθρώπου

429 2386 532 2488 εἶδος,
551 2393 611 2470 καὶ
633 2390 798 2496 ἐφαίνετο
823 2398 897 2475 τοῖς
922 2390 1122 2494 ἀνθρώποις
1146 2396 1194 2475 ὡς
1212 2393 1408 2495 ἅνθρωπος,
1427 2392 1477 2493 μὴ

429 2662 493 2721 tur.
534 2656 623 2720 Tunc
638 2678 714 2739 ergo
729 2665 763 2722 et
777 2657 848 2741 ipsu
861 2679 928 2723 mn-
1023 2656 1123 2722 VIII.
1140 2657 1340 2723 Gumnutem
1348 2658 1479 2724 vidisset

429 2741 512 2806 seria
532 2741 652 2806 oreurit
674 2764 714 2806 ex
735 2765 770 2807 se
789 2744 927 2829 plantus,
979 2743 1081 2808 Peter
1094 2743 1200 2807 vivens
1221 2743 1318 2827 affligi
1339 2744 1478 2808 animum

429 2827 478 2891 vel
498 2826 652 2912 germine,
674 2849 744 2912 quae
767 2850 838 2893 oum
861 2828 926 2892 ffu-
978 2829 1011 2892 in
1037 2827 1292 2927 corporeique
1313 2836 1363 2893 ost
1387 2828 1479 2892 mise-

429 2919 510 2976 rntae
542 2918 650 2976 essent
684 2934 704 2977 e
739 2912 928 2997 quibusdum
978 2920 1069 2978 rator
1082 2920 1116 2977 et
1130 2912 1317 2990 misericors,
1327 2913 1413 2977 misit
1426 2913 1479 2977 Fi-

431 2997 642 3081 Prineipibus,
657 2998 841 3063 convocavit
863 3020 929 3063 om·
977 2998 1055 3062 lium
1072 2999 1177 3061 isuum
1197 2998 1346 3061 dilectum
1366 2999 1407 3063 ed
1428 3020 1478 3063 su-

429 3104 486 3146 nes
509 3082 671 3168 Principes
697 3084 873 3169 primarios,
895 3090 929 3147 et
978 3083 1077 3148 lutem
1090 3083 1219 3159 eninrae3
1238 3083 1394 3147 heoenim
1405 3104 1478 3148 oeu-

430 3168 564 3252 sumpsit
586 3168 693 3233 abeis
714 3168 927 3254 singulnsvir-
978 3191 1024 3245 sn,
1048 3176 1082 3233 et
1107 3175 1239 3254 propter
1260 3168 1478 3253 Omophorum

430 3259 525 3330 tutes,
538 3260 572 3317 et
582 3253 656 3317 iecit
671 3254 829 3317 hominem
844 3255 928 3318 huno
978 3254 1064 3318 misit
1086 3276 1169 3317 eum.
1215 3255 1263 3317 Et
1275 3255 1403 3318 veniens
1424 3253 1478 3318 Fi-

429 3339 602 3402 seoundum
617 3339 751 3423 speeiem
766 3340 859 3423 primi
873 3340 929 3402 ho-
977 3338 1049 3414 lius‚
1060 3338 1299 3404 transformavit
1314 3360 1348 3403 se
1362 3339 1395 3403 in
1409 3361 1425 3403 s

429 3423 523 3487 minis
545 3423 636 3500 illius,
657 3431 710 3488 zet
729 3425 838 3508 junxit
859 3424 927 3490 eni-
978 3424 1058 3488 ciem
1066 3424 1221 3497 hominis;
1239 3362 1479 3509 etkappsredss

430 3530 515 3573 marn
530 3507 563 3571 in
577 3530 624 3572 eo.
979 3509 1106 3594 quidem
1120 3508 1300 3573 hominibus
1317 3517 1354 3573 us
1372 3509 1477 3586 homo,

472 3759 482 3798 i
502 3760 600 3817 Codex
614 3762 785 3827 casinensis,
792 3762 901 3836 surutae
919 3770 1017 3826 essent,
1032 3762 1195 3819 conuocauit.
1226 3761 1291 3818 Nos
1305 3760 1477 3817 Bobiensem

430 3856 556 3914 codicem
572 3866 602 3915 et
615 3858 805 3932 Epiphaninm
819 3858 908 3915 secuti
921 3877 1028 3915 sumus.

471 3966 489 4011 κ
502 3954 580 4011 Male
590 3955 681 4012 codex
692 3955 850 4020 Rubiconis,
859 3963 885 4012 et
896 3960 969 4011 verit
979 3957 1096 4011 ατὶτκαω
1105 3956 1132 4010 in
1142 3973 1216 4021 emm
1232 3972 1316 4029 quum
1325 3953 1476 4011 lectionem

429 4069 488 4107 non
510 4050 636 4126 sequitur
656 4052 848 4127 Epiphanius:
872 4052 1057 4127 subditurque
1080 4051 1155 4126 apud
1178 4052 1309 4116 eundem,
1323 4059 1349 4107 et
1368 4051 1424 4108 lucc
1436 4060 1478 4108 eet

430 4148 624 4206 commixtionis
638 4150 718 4205 ratio.
744 4167 806 4224 quae
820 4148 907 4209 rerba
920 4149 956 4207 de
970 4168 1023 4206 suo
1035 4149 1157 4206 fortusse
1171 4147 1280 4206 addidit
1294 4148 1475 4223 Fpiphnnius.

471 4241 486 4287 ¹¹
509 4243 609 4301 Codex
623 4245 781 4312 Bobiensis‚
796 4248 841 4320 qui
854 4254 904 4303 eet.

470 4336 546 4396 ¹Ite
570 4340 632 4398 cod.
655 4341 815 4406 Bobiensis‚
839 4350 869 4399 et
893 4342 1076 4417 Epiphanius.
1119 4341 1282 4399 Cusinensis
1307 4359 1365 4396 non
1389 4340 1476 4397 habet

428 4435 562 4492 dilectum.

470 4530 487 4573 ¹¹
510 4533 637 4609 Uterque
661 4534 761 4600 codex,
784 4543 810 4591 et
828 4534 952 4610 parebat.
996 4534 1054 4592 Sed
1077 4554 1129 4592 nos
1152 4532 1303 4609 Epiphanii
1324 4531 1475 4589 lectionem

429 4630 612 4704 praetuiimus.
