3817 5692
798 700 1110 765 DISPUTATIO.
1412 702 1477 766 205

427 873 495 938 οὐδὲ
517 875 555 936 τὰ
575 873 643 954 περὶ
664 876 723 935 τῶν
740 872 908 952 μυστηρίων
928 870 978 934 ἐπὶ
999 869 1227 953 καπιχουμένον
1240 874 1352 938 heusis
1365 876 1477 935 lutet-

427 999 493 1054 μεν,
509 975 592 1038 ἀλλὰ
617 975 720 1037 πολλὰ
743 971 891 1041 πολλάκις
915 971 1048 1055 λέγομεν
1070 972 1355 1053 ἐπικεκαλυιῳένως,
1376 974 1427 1037 ἵνα
1447 975 1478 1038 oi

429 1078 539 1144 εἰδότες
553 1076 663 1150 πιστοὶ,
680 1073 823 1154 νοήσωσι,
839 1075 888 1139 καὶ
902 1077 931 1139 ol
944 1075 985 1156 μὴ
1001 1076 1119 1152 εἰδότες,
1134 1074 1175 1155 μὴ
1189 1080 1344 1155 βλαβῶσι.

429 1282 482 1320 nos
496 1263 532 1320 de
546 1261 688 1338 mysteriis
698 1262 786 1319 verba
798 1261 927 1329 facimus,
979 1270 1059 1330 nent,
1083 1260 1263 1336 intelligaut3
1294 1263 1396 1338 etqui
1419 1281 1478 1320 non

430 1344 480 1402 sed
502 1344 592 1401 multa
615 1362 690 1420 saepe
714 1343 855 1418 loquimur
879 1361 926 1401 oo·
979 1350 1088 1409 teuent,
1103 1360 1140 1398 ne
1154 1342 1303 1399 laedantur.

429 1425 524 1482 culte:
546 1433 579 1481 ut
602 1424 701 1481 fideles
725 1423 773 1497 qui
797 1442 858 1482 rem
885 1432 927 1481 te-

842 1638 1057 1674 ...Q—-

476 1828 651 1903 Snavuron,
673 1830 710 1890 ut
731 1847 753 1890 a
773 1812 1056 1911 Zaeagnio'supra
1078 1824 1112 1889 in
1136 1824 1268 1890 Prael'at.
1287 1847 1340 1912 pp.
1359 1846 1408 1912 13·
1425 1848 1476 1914 34

431 1934 594 1992 ostensum
608 1933 670 2005 est,
685 1926 718 1991 in
732 1927 925 1992 bibliotheca
940 1926 1175 1991 vindobonensi
1186 1927 1337 1992 Archelai
1351 1929 1479 1994 nomine

429 2027 619 2113 inscriptum
633 2028 841 2114 Excerptum,
856 2029 946 2115 cnjus
961 2027 1139 2114 exemplum
1159 2035 1273 2093 nactus
1292 2052 1352 2115 ego
1371 2030 1479 2095 lavore

429 2127 561 2193 illustris
576 2129 806 2195 bibliothecarii
821 2136 858 2196 ut
872 2130 958 2208 olim,
970 2130 1018 2195 ita
1032 2152 1116 2195 nunc
1131 2152 1269 2215 quoque,
1285 2131 1369 2196 idern
1384 2133 1479 2197 edere

430 2231 667 2297 constitueram.
712 2234 792 2298 (lum
812 2255 887 2298 vero
909 2232 987 2297 nihil
1010 2232 1044 2295 in
1069 2253 1107 2295 ec
1130 2231 1179 2296 vel
1204 2232 1299 2297 affine
1321 2233 1370 2298 vel
1394 2255 1479 2299 ecm-

430 2356 525 2399 mune
539 2356 611 2399 cum
629 2334 690 2399 hac
705 2335 934 2421 Disputatione
948 2341 1058 2409 extet3
1079 2334 1222 2419 aliusque
1237 2334 1334 2401 fuerit
1350 2338 1476 2402 Arche·

429 2436 498 2501 laus
513 2436 716 2523 cognominis,
727 2437 782 2522 qni
796 2436 912 2501 saecnlo
923 2436 1035 2521 quinto
1047 2442 1161 2499 contra
1172 2436 1330 2501 Enchitas
1341 2438 1479 2523 scripsit,

430 2545 557 2603 mutata
571 2537 731 2603 sententia
745 2559 817 2603 mea
832 2538 1103 2621 supersedendum
1116 2537 1201 2602 istud
1215 2537 1292 2603 mihi
1303 2539 1404 2605 visum
1419 2548 1478 2606 est.

841 2758 1063 2789 *—

474 2931 558 3012 Qum
579 2951 656 3015 ergo
672 2928 758 3011 ῥήσει
778 2927 1019 2992 Vindobonensi
1039 2927 1167 3009 omissa,
1187 2928 1338 2994 hocloco
1363 2929 1479 2996 iterum

430 3032 581 3097 nonnulla
602 3054 643 3096 ex
662 3032 830 3096 Ruscmc‘ro
845 3030 1081 3116 Imperatorum
1100 3030 1291 3097 Diocletiani
1311 3039 1345 3098 et
1360 3033 1479 3098 Galerii

430 3134 622 3200 Maximiani
650 3134 693 3198 ad
718 3133 884 3198 lulianum
913 3133 1141 3197 Proconsulem
1164 3133 1285 3198 Africoe
1310 3135 1481 3221 desumpta

430 3236 566 3320 adpone,
593 3245 631 3300 ut
658 3256 699 3300 ex
728 3234 862 3299 notabili
887 3232 971 3297 illius
996 3232 1104 3298 aetatis
1129 3243 1335 3299 monumento
1360 3235 1480 3321 liquido

429 3343 565 3414 constet,
581 3338 631 3401 his
649 3336 776 3402 circiter
796 3335 993 3421 temporibus
1014 3334 1165 3421 irrupisse
1184 3335 1217 3399 in
1236 3336 1346 3401 orbem
1361 3338 1479 3404 Roma·

428 3461 506 3504 num
520 3440 580 3504 hoc
594 3445 721 3505 tantum
736 3438 856 3504 malum
871 3437 1169 3503 Manichaeismuml

481 3627 658 3712 Quoniam
675 3627 777 3698 nobis
794 3625 873 3716 (nos
887 3624 959 3698 cult
975 3649 1139 3720 reponere
1154 3626 1390 3726 Cecropiam,
1408 3654 1481 3701 ma

430 3742 492 3814 lim
509 3766 569 3840 epo
584 3764 649 3815 nes
666 3743 778 3833 istos),
796 3743 841 3812 de
867 3743 996 3835 quibus
1021 3741 1173 3814 Solertia
1199 3751 1261 3816 tua
1287 3745 1479 3817 Serenitati

430 3867 556 3929 uostrae
574 3857 707 3940 retulit,
722 3856 941 3928 Maniohaeos
959 3857 1158 3928 audivimus
1173 3867 1249 3931 ¹eos
1266 3863 1479 3953 nuperrime,

431 3973 529 4044 velut
553 3996 646 4044 nova
669 3973 851 4065 inopinata
875 3973 1045 4066 prodigia,
1062 3974 1099 4043 in
1122 3973 1216 4044 hunc
1239 3976 1413 4047 muudum
1434 3977 1480 4048 de

431 4086 572 4158 Persica
601 4087 798 4158 adversaria
825 4086 927 4157 nobis
960 4094 1069 4180 gente
1102 4110 1286 4181 progressa
1315 4090 1371 4160 vel
1402 4100 1481 4162 orta

430 4226 526 4283 esse;
560 4213 597 4273 et
631 4202 746 4274 multa
778 4202 933 4273 facinora
967 4202 1016 4271 ibi
1051 4206 1295 4276 committere:
1331 4206 1480 4298 populos

429 4342 582 4411 namque
608 4320 748 4412 quietos
775 4319 1000 4412 perturbare:
1028 4341 1094 4389 nec
1117 4342 1189 4389 non
1215 4329 1253 4390 et
1275 4322 1480 4393 civitatibus

429 4436 585 4507 maxima
601 4435 817 4507 detrimenta
833 4435 987 4505 inserere
1004 4433 1180 4527 (ingerere
1197 4434 1326 4507 mauult
1344 4435 1480 4510 Canne-

740 4668 746 4691 ¹
765 4663 843 4736 [For.
858 4664 1010 4721 delendum
1024 4682 1069 4720 ees
1083 4665 1150 4737 est]
