3817 5692
421 675 486 736 324
616 673 680 735 DE
705 669 1086 734 REBAPTISMATE
1113 669 1270 733 LIBER.

421 870 519 936 aqnae
554 845 726 914 incumbit
753 868 858 937 snper
883 867 943 914 eos
969 845 1029 935 qui
1060 844 1230 925 credunt;
1256 843 1335 914 'dat
1368 844 1474 914 nobis

420 960 616 1041 consilium,
634 961 728 1050 qnod
755 972 819 1030 aut
841 984 886 1030 ex
911 962 1049 1053 integro
1073 961 1141 1030 rite
1158 960 1334 1052 baptisma
1351 960 1474 1030 obser·

421 1098 511 1154 vare,
535 1085 598 1144 aut
624 1076 715 1145 forte
743 1078 826 1145 dato
854 1100 875 1145 a
903 1099 1129 1168 quocumque
1156 1077 1193 1145 in
1220 1077 1364 1145 nomine
1381 1075 1472 1145 Jesu

420 1191 642 1281 baptismate,
661 1190 823 1282 supplere
847 1192 882 1260 id
906 1192 1098 1261 debeamus
1119 1192 1296 1261 custodita
1316 1190 1472 1258 nominis

418 1304 508 1375 Jesu
530 1305 672 1388 Christi,
699 1308 803 1376 sicuti
832 1305 1035 1397 plenissime
1062 1306 1300 1397 exposuimus,
1322 1305 1472 1374 sanctis-

420 1422 509 1490 sima
526 1422 769 1503 invocatione;
795 1421 973 1490 custodita
994 1430 1163 1512 praeterea
1180 1421 1270 1489 tanti
1288 1419 1470 1511 temporis,

421 1545 476 1604 tot
493 1536 659 1619 virorum,
678 1537 877 1606 veneranda
899 1537 999 1605 nobis
1021 1536 1276 1605 consuetudine
1293 1543 1331 1603 et
1347 1543 1473 1603 aucto·

421 1653 536 1720 ritate.

472 1766 580 1839 XIV.
607 1769 783 1852 Quoniam
814 1778 935 1839 autem
971 1768 1084 1859 prima
1113 1789 1192 1859 pars
1222 1766 1473 1857 disputationis

421 1882 526 1973 hujus
544 1885 684 1953 ridetur
700 1883 888 1976 explicata,
906 1884 1015 1954 etiam
1037 1892 1244 1973 sequentem
1267 1886 1344 1972 ejus
1366 1903 1474 1973 prop-

420 2008 477 2067 ter
493 1999 675 2070 haercticos
697 2000 867 2069 debemus
888 2001 1087 2092 attingere3
1114 1999 1197 2089 quia
1217 2019 1385 2088 perquam
1408 2019 1475 2065 ne·

420 2115 609 2182 cessarium
633 2124 688 2182 est
714 2137 797 2182 eum
824 2125 1016 2184 tructarum
1043 2115 1103 2205 qui
1130 2112 1256 2182 'semel
1282 2112 1319 2180 in
1344 2132 1474 2181 manus

421 2229 544 2297 incidit
562 2251 633 2296 non
656 2230 844 2320 praeterire,
872 2254 918 2299 ne
941 2231 1033 2299 forte
1058 2251 1119 2299 eos
1144 2229 1204 2319 qui
1230 2237 1312 2298 sunt
1337 2225 1475 2318 simpli·

421 2344 532 2412 oiores
557 2367 602 2413 ex
630 2345 794 2414 fratribus
820 2345 946 2436 aliquis
972 2345 1214 2414 haereticorum
1233 2343 1386 2413 versutia
1408 2365 1475 2413 sua

421 2458 550 2528 audeat
568 2469 755 2529 attentare.
807 2461 903 2530 Nam
925 2462 1008 2552 quia
1024 2460 1048 2529 J
1050 2483 1180 2530 oannes
1198 2458 1289 2527 dixit
1306 2481 1370 2526 nos
1387 2458 1477 2549 bap-

423 2571 582 2642 tizandos
607 2595 682 2642 esse
710 2574 746 2641 in
778 2575 901 2665 spiritu
930 2583 968 2643 et
998 2577 1082 2668 igni,
1108 2598 1151 2644 eo
1177 2573 1270 2666 quod
1296 2572 1476 2644 addiderit

423 2687 552 2770 dicens,
567 2699 604 2757 et
623 2690 706 2781 igni,
720 2690 850 2759 idcirco
863 2691 1007 2781 quidam
1027 2691 1200 2783 desperati
1219 2690 1380 2759 homines
1397 2689 1475 2759 ausi

421 2813 505 2872 sunt
540 2826 792 2895 usquequaque
826 2805 1038 2896 pravitatem
1073 2829 1173 2875 suam
1211 2807 1399 2899 porrigere,
1435 2814 1476 2875 et

422 2930 610 3009 propterea
640 2920 802 2989 homines
832 2922 1063 2990 versutissimi
1099 2931 1260 3014 quarunt
1294 2920 1475 3013 quomodo

423 3036 620 3104 sanctitatis
651 3035 826 3127 baptisma
854 3037 904 3105 ita
934 3046 1161 3129 corrumpant
1190 3060 1231 3107 ac
1259 3036 1403 3115 violent,
1431 3046 1476 3107 ut

424 3150 531 3219 etiam
563 3161 745 3232 evacuent,
774 3152 833 3242 qui
865 3152 1036 3244 originem
1061 3153 1137 3243 jam
1168 3153 1297 3222 exinde
1326 3152 1477 3221 trahunt

423 3269 463 3331 ³a
485 3262 630 3333 Simone
656 3287 770 3358 mago,
789 3264 999 3334 multiformi
1026 3266 1255 3357 perversitate
1280 3288 1344 3357 per
1360 3266 1476 3339 varios

425 3401 558 3448 errores
576 3403 653 3449 eam
673 3390 890 3450 exercentes.
928 3380 996 3449 Cui
1014 3381 1150 3450 Simoni
1170 3381 1298 3451 Petrus
1315 3382 1351 3448 in
1369 3380 1477 3451 Actis

260 3521 384 3570 asevis.
425 3493 680 3585 Apostolomm
703 3498 806 3578 dixit,
824 3494 981 3565 Pecunia
1007 3505 1066 3565 tua
1092 3504 1198 3566 tecum
1224 3497 1270 3564 sit
1296 3496 1334 3565 ia
1352 3494 1478 3588 perdi-

261 3600 300 3634 ²⁰·
425 3610 560 3691 tionem,
579 3613 660 3703 quia
674 3611 826 3706 qratiam
847 3609 984 3684 Christi
1001 3611 1208 3681 eaistimasti
1228 3634 1292 3704 per
1305 3611 1477 3705 pecunius

419 3746 521 3814 posse
537 3732 549 3768 ⁴
550 3723 738 3816 possidere.
765 3722 846 3795 Noa
864 3735 913 3796 est
930 3725 993 3796 tibi
1004 3728 1124 3819 portio
1137 3750 1243 3819 neque
1254 3751 1330 3796 sors
1348 3728 1385 3795 in
1403 3750 1478 3796 scr·

425 3861 523 3906 iaaac
538 3836 611 3908 lroc.
638 3863 697 3909 cor
714 3840 804 3908 enim
829 3849 923 3909 trram
947 3864 1014 3910 noa
1038 3850 1087 3911 est
1104 3850 1232 3912 rectum
1251 3864 1366 3912 coram
1384 3839 1476 3911 Deo.

427 3953 476 4022 Et
493 3966 604 4047 agunt
622 3956 679 4024 isti
697 3955 773 4024 haec
791 3958 919 4037 omnia,
932 3958 1016 4026 dnm
1031 3956 1153 4027 fallere
1170 3959 1318 4049 cupiunt
1335 3979 1396 4026 eos
1414 3959 1478 4047 qui

427 4078 509 4137 sunt
526 4069 755 4160 simpliciores
772 4081 834 4140 ant
848 4071 1075 4152 onriosiores;
1100 4079 1137 4140 et
1156 4080 1297 4141 tentant
1314 4071 1479 4141 nonnulli

469 4249 476 4272 ¹
492 4243 553 4318 dat]
570 4244 634 4300 For.
650 4247 730 4303 dans.

468 4340 593 4413 'semel]
619 4341 785 4400 Foraimul.

469 4441 477 4471 ³
492 4455 509 4491 a
524 4436 640 4494 Simone
655 4459 751 4515 mago,
767 4440 932 4497 multiformi
947 4444 1146 4517 perversitate]
1171 4446 1237 4502 For.
1254 4445 1447 4511 scribendum,
1463 4466 1483 4502 a

429 4531 554 4589 Simonis
569 4537 644 4610 magi
660 4538 826 4594 multiformi
841 4558 869 4611 p.

469 4631 626 4700 ⁴possidera'
641 4634 764 4707 reposuit
780 4635 922 4692 Baluzius.
967 4638 1022 4694 Sed
1035 4640 1126 4696 versio
1138 4639 1210 4696 Itala
1222 4640 1343 4697 videnda
1358 4651 1411 4698 est.
