3817 5692
429 690 495 753 310
626 685 691 748 DE
715 682 1100 748 REBAPTISMATE
1124 682 1282 746 LIBER.

429 861 490 930 sed
514 859 640 949 saepins
662 879 745 925 eum
770 863 960 947 'negasset
1012 854 1118 938 Quod
1142 854 1327 924 consilium
1347 855 1383 926 ei
1401 879 1491 948 quo-

430 976 525 1044 niam
554 997 666 1064 usque
696 972 740 1041 ad
771 972 968 1064 passionem
1002 968 1149 1039 Domini
1179 981 1489 1061 perseveraturum

431 1100 517 1170 erat,
541 1089 657 1160 multo
687 1090 831 1180 priusa
864 1086 1018 1156 Domino
1045 1085 1162 1177 palam
1190 1086 1323 1156 factum
1353 1098 1422 1169 est,
1447 1098 1490 1157 ut

431 1230 495 1276 nos
512 1229 654 1298 qnoque
672 1206 709 1274 id
728 1227 797 1273 nou
816 1204 1030 1295 ignoremus.
1083 1198 1247 1291 Denique
1270 1211 1352 1293 post
1374 1225 1490 1273 resur.

310 1354 330 1387 e
377 1337 400 1383 'v
432 1323 627 1392 rectionem
643 1319 788 1389 Domini
807 1314 1132 1408 unusodiscipulis
1149 1313 1386 1409 ejusCleopas
1403 1340 1488 1387 enm

432 1447 526 1509 esset
553 1445 709 1518 maestns,
726 1433 922 1505 seeundum
948 1454 1103 1501 errorem
1130 1432 1288 1501 omnium
1314 1434 1489 1503 eondisci-

433 1550 597 1643 puiorum
615 1570 768 1627 suorum,
787 1546 853 1637 ipsi
870 1544 1038 1624 Domin0‚
1051 1553 1220 1635 tanquam
1238 1542 1343 1613 alieni
1361 1545 1489 1637 ignoto

434 1668 590 1738 referens
615 1664 710 1756 qnod
732 1663 942 1753 contigerat,
959 1660 1008 1730 sio
1033 1659 1174 1729 loeutus
1198 1667 1254 1729 est
1279 1660 1412 1742 dicens,
1429 1658 1490 1730 De

434 1780 523 1852 Jeau
540 1780 738 1861 Nazareno,
756 1777 816 1872 qui
830 1774 911 1872 suit
933 1773 1102 1869 propheto
1121 1784 1243 1869 potens
1267 1776 1304 1844 in
1314 1772 1431 1870 suetus
1456 1786 1490 1847 et

435 1895 538 1967 dietis
566 1897 604 1965 in
629 1902 806 1987 conspeetu
832 1890 904 1974 Dei
928 1900 961 1962 et
986 1892 1139 1962 universi
1157 1889 1291 1986 populi,
1318 1891 1490 1986 quomodo

436 2009 527 2081 hune
556 2009 774 2080 tradiderunt
807 2005 997 2078 sacerdotes
1030 2015 1062 2076 et
1091 2006 1268 2101 menopes
1301 2008 1414 2076 nostri
1449 2007 1490 2077 ia

436 2125 688 2196 damnationem
713 2124 834 2195 mertis
858 2132 890 2193 et
912 2103 1009 2193 eruci
1030 2145 1106 2192 eum
1122 2122 1304 2215 firmet:
1331 2120 1407 2193 Nos
1423 2146 1490 2193 au-

437 2250 502 2311 tem
531 2237 751 2333 eperobmmu
777 2237 870 2333 quod
899 2238 972 2331 ipse
1001 2246 1075 2308 erat
1097 2237 1336 2333 redempturae
1359 2236 1489 2309 Israel.

436 2354 549 2425 Juxta
575 2378 662 2446 quae,
679 2378 803 2425 omues
828 2376 971 2446 quoqne
996 2353 1157 2446 discipuli
1182 2353 1488 2424 adseverationem

436 2494 578 2563 quoque
596 2472 797 2552 mulierum,
815 2494 893 2561 qnae
914 2480 996 2562 post
1014 2471 1307 2540 resurrectionem
1324 2470 1491 2540 viderant
1511 2459 1517 2470 ’

438 2588 643 2669 Dominum,
655 2588 907 2680 judicaverunt
924 2585 1167 2668 deliramenta,
1178 2597 1217 2656 et
1231 2586 1375 2678 quidam
1394 2587 1491 2677 ipso-

438 2726 516 2772 rum
536 2704 609 2772 viso
627 2726 670 2772 eo
690 2725 760 2771 non
778 2702 1014 2782 crediderunt,
1032 2703 1094 2772 sed
1112 2702 1384 2782 dubitaverunt;
1410 2703 1491 2792 qui·

438 2841 508 2908 qne
525 2828 610 2887 tuno
632 2841 704 2887 non
726 2817 975 2896 interfuerunt,
993 2818 1137 2887 omnino
1160 2841 1231 2887 non
1247 2817 1489 2899 erediderunt,

438 2934 504 3002 nisi
522 2934 747 3024 postmodum
765 2933 810 3003 ab
828 2934 903 3023 ipso
918 2931 1074 3004 Domino
1092 2934 1256 3003 omnibns
1272 2933 1385 3003 modis
1403 2933 1491 3004 fuis·

439 3059 519 3119 sent
537 3050 711 3142 objurgati
729 3059 836 3141 atque
854 3050 1036 3142 increpati.
1063 3050 1241 3134 Quoniam
1254 3072 1349 3119 mors
1361 3072 1423 3119 eos
1436 3050 1491 3121 ita

439 3164 643 3244 offenderat,
661 3174 702 3233 ut
724 3173 891 3256 putarent
914 3189 996 3236 eum
1024 3189 1095 3236 non
1121 3169 1362 3250 resurrexisse,
1378 3189 1489 3258 quem

440 3280 661 3348 crediderant
686 3282 776 3349 mori
802 3302 872 3350 non
900 3281 1083 3364 debuisse3
1110 3283 1194 3373 quia
1213 3292 1336 3353 contra
1352 3283 1491 3374 opinio-

440 3416 521 3463 nem
548 3396 702 3486 ipsorum
731 3396 841 3466 semel
868 3407 1027 3468 mortuus
1052 3398 1186 3469 fuisset.
1238 3397 1366 3490 Itaque
1390 3398 1489 3490 quod

439 3510 482 3577 ad
510 3511 602 3602 ipsos
628 3510 818 3603 discipulos
843 3513 1009 3603 pertinet,
1027 3537 1144 3605 neque
1169 3516 1343 3609 integram
1370 3538 1490 3607 neque

438 3626 633 3716 perfectam
662 3628 769 3698 iidem
799 3627 963 3699 habuisse
993 3629 1047 3699 his
1070 3632 1184 3700 modis
1211 3632 1337 3722 quibus
1365 3631 1490 3700 retuli·

438 3764 518 3811 mus
535 3744 782 3826 inveniuntur;
807 3754 844 3814 et
861 3746 957 3836 quod
973 3745 1088 3816 multo
1104 3747 1246 3841 gravius
1262 3755 1327 3829 est,
1340 3748 1434 3817 sieut
1451 3750 1490 3817 in

342 3875 391 3922 ,ιι
417 3855 634 3951 .Evangelio
661 3869 741 3930 eata
767 3859 943 3931 Joannem
970 3864 1139 3954 seriptum
1167 3873 1231 3943 est,
1262 3864 1371 3933 etiam
1400 3863 1490 3934 aiios

439 3973 677 4066 baptizabant.

489 4087 559 4157 IX.
588 4089 772 4171 Praeterea,
791 4094 874 4183 quid
902 4094 1061 4164 dicturus
1088 4118 1126 4164 es
1153 4095 1199 4164 de
1227 4096 1290 4176 his,
1314 4096 1374 4187 qni
1399 4095 1491 4188 ’ple-

439 4227 589 4296 rumque
613 4207 658 4274 ab
686 4209 857 4299 episeopis
888 4211 1049 4300 pessimae
1075 4213 1349 4281 conversationis
1374 4212 1493 4303 bapti·

440 4329 585 4404 rantur3
612 4323 671 4412 qui
699 4331 818 4391 tamen
846 4324 1001 4407 tandem,
1028 4348 1110 4395 eum
1138 4326 1237 4398 Deus
1263 4327 1424 4408 voluerit,
1453 4330 1492 4399 in

482 4546 489 4567 ¹
506 4542 569 4598 For.
586 4553 714 4619 negaret.

483 4641 490 4662 ²
505 4637 683 4715 plerumque]
701 4642 786 4699 Valet
800 4643 897 4700 itidem
912 4645 989 4719 epod
1003 4645 1073 4702 alios
1087 4654 1218 4702 auctores
1232 4664 1310 4720 sepe.
