3817 5692
758 684 1070 750 DISPUTATIO.
1376 678 1441 744 167

391 864 501 935 cellus
517 871 638 956 petra,
657 862 709 931 ¹in
727 883 797 952 qna
813 859 986 930 aedificata
1002 867 1058 929 est
1076 859 1201 926 domus
1224 856 1440 927 solidissimis

390 976 640 1057 fundamentis,
650 985 687 1045 et
705 997 787 1044 cum
805 973 1045 1044 descendisset
1057 972 1189 1065 pluvia,
1203 980 1241 1042 et
1258 973 1441 1042 irruissent

389 1091 545 1173 flumina,
563 1114 605 1160 ac
623 1091 730 1172 venti,
749 1100 786 1160 et
809 1089 990 1160 illisissent
1013 1090 1049 1158 in
1073 1089 1219 1158 domum
1237 1085 1344 1169 illam,
1363 1108 1441 1178 per-

388 1209 502 1291 stitit3
528 1207 678 1276 fundata
694 1207 788 1274 enim
812 1215 887 1276 erat
909 1203 1127 1274 solidissimis
1144 1213 1182 1274 et
1198 1202 1440 1273 immobilibus

389 1321 647 1391 fundamentis:
675 1320 758 1390 huic
776 1330 909 1402 autem,
924 1320 985 1412 qui
1002 1341 1157 1411 praesens
1175 1327 1240 1398 est,
1259 1317 1439 1387 infamiam

388 1439 506 1530 potius
540 1436 663 1506 intulit
698 1446 845 1506 conatus
879 1437 965 1528 ipse,
1000 1457 1106 1528 quam
1142 1433 1295 1503 laudem.
1353 1432 1440 1502 Non

388 1565 509 1625 autem
538 1551 626 1622 mihi
656 1553 760 1621 venia
789 1551 916 1645 dignus
946 1552 1087 1620 videtur
1121 1551 1180 1641 qui
1217 1551 1439 1642 ignoraverit,

389 1673 484 1765 quod
503 1671 664 1741 futurum
682 1679 753 1740 est:
783 1669 971 1762 oportebat
989 1670 1083 1738 enim
1102 1691 1183 1738 eum
1208 1691 1438 1760 praenoscere,

389 1788 449 1878 qui
480 1795 564 1855 sunt
592 1785 722 1877 proprii
753 1785 828 1866 sui;
855 1784 883 1852 si
915 1783 1059 1876 quidem
1091 1782 1244 1874 Spiritus
1273 1781 1438 1853 Paracliti

389 1902 580 1972 habitatin
599 1923 652 1969 eo.
705 1898 776 1969 Sed
795 1900 961 1990 quoniam
979 1899 1185 1991 ignorantiae
1202 1898 1358 1968 tenebris
1376 1898 1439 1968 ob·

389 2028 537 2086 caecatus
559 2026 623 2097 est,
642 2016 679 2084 in
699 2037 826 2083 vanum
848 2015 1017 2095 cucurrit,
1036 2036 1117 2083 cum
1145 2014 1213 2083 iter
1239 2013 1371 2084 faceret
1394 2015 1438 2084 ad

388 2127 620 2212 Marcellum;
648 2138 686 2199 et
712 2127 835 2198 similis
853 2129 987 2198 'facere
1012 2128 1198 2222 astrologo,
1226 2128 1438 2198 describenti

388 2247 531 2337 quidem
549 2244 713 2327 caelcstia,
732 2246 907 2338 ignoranti
925 2268 1009 2315 vero
1032 2268 1110 2336 quae
1136 2267 1205 2315 succ
1231 2245 1353 2314 domui
1377 2268 1440 2338 ge-

388 2371 523 2432 runtur.
576 2361 647 2432 Sed
665 2385 711 2431 ne
728 2363 849 2431 videar
872 2383 935 2452 per
960 2361 1035 2430 lraec
1054 2359 1160 2430 verba
1185 2360 1324 2430 differre
1347 2384 1441 2452 quae·

388 2479 552 2559 stionem‚
564 2479 641 2570 jam
660 2477 804 2557 sileam;
831 2478 876 2548 de
903 2478 944 2546 iis
967 2500 1050 2547 vero
1077 2475 1167 2546 dabo
1193 2478 1257 2568 ipsi
1284 2486 1439 2568 potesta-

389 2603 472 2675 tem,
495 2604 612 2664 sumat
642 2595 878 2685 quodcunque
904 2592 982 2661 vult
1013 2593 1258 2684 propositionis
1285 2602 1322 2661 et
1348 2616 1440 2684 quae-

388 2709 511 2780 stionis
545 2711 698 2779 initium.
752 2708 828 2780 Vos
862 2708 1122 2789 tantummodo,
1154 2707 1246 2776 sicut
1280 2709 1439 2800 superius

389 2825 475 2910 dixi,
499 2825 762 2896 indeclinabiles
778 2826 926 2895 ludices
953 2846 1029 2895 esse
1059 2845 1190 2915 quaeso,
1215 2833 1255 2893 ut
1280 2845 1362 2894 vera
1388 2824 1440 2892 di·

389 2943 483 3010 centi
501 2942 670 3012 honorem
689 2965 822 3022 verum,
843 2941 1066 3034 palmamque
1085 2939 1240 3008 tradatis.

441 3057 604 3129 XLVII.
630 3058 729 3128 Tunc
748 3057 886 3139 Manes,
905 3056 1045 3127 silentio
1071 3055 1116 3125 ab
1143 3055 1306 3125 omnibus
1331 3055 1435 3135 facto,

388 3176 440 3243 ita
462 3195 607 3244 exorsus
629 3184 694 3244 est.
745 3173 799 3242 Tu
817 3197 969 3264 quoque,
987 3170 1172 3252 Archelao,
1191 3171 1282 3240 bene
1308 3194 1366 3240 me
1394 3173 1439 3242 de

389 3290 469 3360 Deo
498 3292 722 3371 sentientem,
750 3292 963 3384 dignamque
994 3290 1195 3382 opinionem
1227 3290 1271 3359 de
1297 3288 1439 3359 Christo

389 3407 614 3492 retinentem,
633 3407 748 3478 verbis
774 3406 1031 3478 molestissimis
1057 3406 1237 3489 obtundis,
1262 3405 1347 3475 licet
1366 3405 1439 3476 tale

389 3521 435 3591 sit
465 3521 721 3614 Apostolorum
755 3545 877 3616 genus,
907 3523 1057 3616 patiens,
1088 3530 1126 3592 et
1160 3520 1276 3593 ferens
1310 3524 1437 3605 omnia,

389 3637 527 3708 etiamsi
553 3661 613 3709 eos
638 3639 801 3709 convitiis
827 3640 914 3730 quis,
936 3648 1000 3709 aut
1025 3638 1223 3708 maledictis
1251 3638 1438 3708 obtrectet.

389 3753 426 3822 Si
446 3756 609 3847 persequi
627 3754 788 3837 volueris,
806 3764 949 3847 paratus
975 3777 1064 3835 sum,
1083 3764 1121 3825 et
1146 3757 1175 3825 si
1202 3754 1331 3824 inferre
1357 3777 1439 3848 sup-

388 3868 502 3960 plicia,
521 3893 592 3940 non
618 3870 801 3964 refugiam.
854 3869 894 3941 Si
920 3871 1028 3940 etiam
1059 3870 1258 3940 interlicere
1288 3893 1347 3940 me
1374 3871 1436 3953 vis,

389 4005 459 4052 nou
487 3985 697 4068 reformido;
723 3986 826 4055 illum
853 3986 950 4056 enim
981 3985 1096 4056 solnm
1124 3996 1265 4078 oportet
1288 3986 1436 4066 'tirnera

388 4099 450 4192 qai
471 4108 581 4194 potest
605 4101 767 4184 unimam,
791 4111 823 4173 ct
849 4125 974 4196 corpus
1000 4099 1145 4196 perdam
1171 4102 1209 4172 in
1234 4098 1436 4199 gehennam.

388 4216 616 4288 Anonsmus
633 4237 748 4299 unnr,
767 4217 875 4288 Absit
900 4241 922 4288 a
946 4241 1016 4288 me.
1069 4218 1154 4288 Non
1180 4228 1235 4288 est
1256 4218 1344 4288 mihi
1365 4219 1437 4290 tale

387 4331 616 4420 propositum.
669 4330 765 4414 Quid
794 4334 889 4402 enim
918 4355 1105 4426 perpessus
1130 4355 1168 4402 es
1198 4356 1220 4402 a
1247 4356 1315 4415 me,
1335 4334 1390 4404 vel
1415 4357 1437 4405 a

767 4507 779 4539 ⁸
794 4499 889 4564 Forte,
896 4500 997 4574 sactus
1010 4508 1060 4555 est.

613 4630 620 4654 ¹
636 4624 709 4682 Mat.
724 4627 771 4685 vii.
791 4647 836 4701 24.
1006 4633 1013 4656 ¹
1029 4628 1101 4684 Mat.
1117 4646 1145 4683 x.
1162 4626 1210 4682 28.
