<?xml version="1.0" encoding="UTF-8"?>
<!DOCTYPE html PUBLIC "-//W3C//DTD XHTML 1.0 Transitional//EN"
    "http://www.w3.org/TR/xhtml1/DTD/xhtml1-transitional.dtd">
<html xmlns="http://www.w3.org/1999/xhtml" xml:lang="en" lang="en">
 <head>
  <title>
</title>
<meta http-equiv="Content-Type" content="text/html;charset=utf-8" />
  <meta name='ocr-system' content='tesseract 3.04.00' />
  <meta name='ocr-capabilities' content='ocr_page ocr_carea ocr_par ocr_line ocrx_word'/>
</head>
<body>
  <div class='ocr_page' id='page_1' title='image "./reliquiaesacrae02routgoog_0308.png"; bbox 0 0 3817 5692; ppageno 0'>
   <div class='ocr_carea' id='block_1_1' title="bbox 427 688 1280 796">
    <p class='ocr_par' dir='ltr' id='par_1_1' title="bbox 427 688 1280 796">
     <span class='ocr_line' id='line_1_1' title="bbox 427 688 1280 796; baseline -0.002 -43"><span class='ocrx_word' id='word_1_1' title='bbox 427 691 493 753; x_wconf 73' lang='lat'>284</span> <span class='ocrx_word' id='word_1_2' title='bbox 622 691 686 755; x_wconf 87' lang='lat' dir='ltr'>DE</span> <span class='ocrx_word' id='word_1_3' title='bbox 711 689 1095 754; x_wconf 83' lang='lat' dir='ltr'><strong>REBAPTISMATE</strong></span> <span class='ocrx_word' id='word_1_4' title='bbox 1119 688 1280 796; x_wconf 55' lang='lat' dir='ltr'>LIBER.</span> 
     </span>
    </p>
   </div>
   <div class='ocr_carea' id='block_1_2' title="bbox 365 861 1486 1184">
    <p class='ocr_par' dir='ltr' id='par_1_2' title="bbox 365 861 1486 1184">
     <span class='ocr_line' id='line_1_2' title="bbox 365 861 1486 963; baseline -0.004 -29"><span class='ocrx_word' id='word_1_5' title='bbox 365 955 370 963; x_wconf 92' lang='lat'>.</span> <span class='ocrx_word' id='word_1_6' title='bbox 427 873 448 900; x_wconf 91' lang='lat'>“</span> <span class='ocrx_word' id='word_1_7' title='bbox 467 874 581 933; x_wconf 81' lang='lat' dir='ltr'>tatum</span> <span class='ocrx_word' id='word_1_8' title='bbox 605 865 641 932; x_wconf 91' lang='lat' dir='ltr'>in</span> <span class='ocrx_word' id='word_1_9' title='bbox 662 863 841 933; x_wconf 85' lang='lat' dir='ltr'>codicibus</span> <span class='ocrx_word' id='word_1_10' title='bbox 859 861 972 933; x_wconf 87' lang='lat' dir='ltr'>tribus</span> <span class='ocrx_word' id='word_1_11' title='bbox 991 862 1122 933; x_wconf 80' lang='lat' dir='ltr'>Ursino</span> <span class='ocrx_word' id='word_1_12' title='bbox 1140 861 1325 942; x_wconf 78' lang='lat' dir='ltr'>monacho,</span> <span class='ocrx_word' id='word_1_13' title='bbox 1343 862 1392 930; x_wconf 91' lang='lat' dir='ltr'>de</span> <span class='ocrx_word' id='word_1_14' title='bbox 1410 885 1486 954; x_wconf 91' lang='lat' dir='ltr'>quo</span> 
     </span>
     <span class='ocr_line' id='line_1_3' title="bbox 428 974 1486 1068; baseline -0.002 -21"><span class='ocrx_word' id='word_1_15' title='bbox 428 975 672 1045; x_wconf 84' lang='lat' dir='ltr'>“Gennadius</span> <span class='ocrx_word' id='word_1_16' title='bbox 702 998 776 1067; x_wconf 83' lang='lat' dir='ltr'>cap.</span> <span class='ocrx_word' id='word_1_17' title='bbox 802 980 862 1056; x_wconf 75' lang='lat'>27,</span> <span class='ocrx_word' id='word_1_18' title='bbox 894 974 953 1045; x_wconf 95' lang='lat' dir='ltr'>ubi</span> <span class='ocrx_word' id='word_1_19' title='bbox 982 976 1191 1046; x_wconf 84' lang='lat' dir='ltr'>Sirmoudus</span> <span class='ocrx_word' id='word_1_20' title='bbox 1222 977 1309 1068; x_wconf 89' lang='lat' dir='ltr'>legit</span> <span class='ocrx_word' id='word_1_21' title='bbox 1343 974 1486 1047; x_wconf 78' lang='lat' dir='ltr'>Ursici-</span> 
     </span>
     <span class='ocr_line' id='line_1_4' title="bbox 428 1088 953 1184; baseline -0.008 -23"><span class='ocrx_word' id='word_1_22' title='bbox 428 1101 447 1129; x_wconf 92' lang='lat'>“</span> <span class='ocrx_word' id='word_1_23' title='bbox 466 1093 560 1160; x_wconf 53' lang='lat' dir='ltr'>nen?</span> <span class='ocrx_word' id='word_1_24' title='bbox 612 1089 753 1160; x_wconf 81' lang='lat' dir='ltr'>Labbaei</span> <span class='ocrx_word' id='word_1_25' title='bbox 771 1088 953 1184; x_wconf 73' lang='lat' dir='ltr'>Spiropsis.</span> 
     </span>
    </p>
   </div>
   <div class='ocr_carea' id='block_1_3' title="bbox 502 1342 1403 1439">
    <p class='ocr_par' dir='ltr' id='par_1_3' title="bbox 502 1342 1403 1439">
     <span class='ocr_line' id='line_1_5' title="bbox 502 1342 1403 1439; baseline -0.001 -23"><span class='ocrx_word' id='word_1_26' title='bbox 502 1346 597 1416; x_wconf 85' lang='lat' dir='ltr'>Gur..</span> <span class='ocrx_word' id='word_1_27' title='bbox 616 1345 758 1416; x_wconf 74' lang='lat' dir='ltr'>Csvrus</span> <span class='ocrx_word' id='word_1_28' title='bbox 774 1343 871 1414; x_wconf 82' lang='lat' dir='ltr'>Hist.</span> <span class='ocrx_word' id='word_1_29' title='bbox 890 1342 1071 1415; x_wconf 80' lang='lat' dir='ltr'>Literorio</span> <span class='ocrx_word' id='word_1_30' title='bbox 1089 1345 1157 1416; x_wconf 85' lang='lat' dir='ltr'>rol.</span> <span class='ocrx_word' id='word_1_31' title='bbox 1176 1351 1204 1414; x_wconf 93' lang='lat'>1.</span> <span class='ocrx_word' id='word_1_32' title='bbox 1223 1369 1302 1439; x_wconf 79' lang='lat' dir='ltr'>pag.</span> <span class='ocrx_word' id='word_1_33' title='bbox 1318 1352 1403 1416; x_wconf 85' lang='grc'><strong>131.</strong></span> 
     </span>
    </p>
   </div>
   <div class='ocr_carea' id='block_1_4' title="bbox 425 1484 1576 4681">
    <p class='ocr_par' dir='ltr' id='par_1_4' title="bbox 425 1484 1486 3071">
     <span class='ocr_line' id='line_1_6' title="bbox 477 1484 1484 1578; baseline 0 -24"><span class='ocrx_word' id='word_1_34' title='bbox 477 1484 782 1555; x_wconf 87' lang='lat' dir='ltr'>ANONYMUS</span> <span class='ocrx_word' id='word_1_35' title='bbox 807 1496 910 1555; x_wconf 86' lang='lat' dir='ltr'>autor</span> <span class='ocrx_word' id='word_1_36' title='bbox 932 1494 1104 1556; x_wconf 80' lang='lat' dir='ltr'>tmctctus</span> <span class='ocrx_word' id='word_1_37' title='bbox 1129 1487 1173 1556; x_wconf 87' lang='lat' dir='ltr'>de</span> <span class='ocrx_word' id='word_1_38' title='bbox 1196 1486 1381 1578; x_wconf 84' lang='lat' dir='ltr'>Baptismo</span> <span class='ocrx_word' id='word_1_39' title='bbox 1407 1509 1484 1555; x_wconf 89' lang='lat' dir='ltr'>nou</span> 
     </span>
     <span class='ocr_line' id='line_1_7' title="bbox 428 1600 1484 1693; baseline 0 -24"><span class='ocrx_word' id='word_1_40' title='bbox 428 1600 588 1670; x_wconf 81' lang='lat' dir='ltr'>iterando</span> <span class='ocrx_word' id='word_1_41' title='bbox 601 1600 790 1693; x_wconf 82' lang='lat' dir='ltr'>aRignltio</span> <span class='ocrx_word' id='word_1_42' title='bbox 804 1602 898 1669; x_wconf 87' lang='lat' dir='ltr'>inter</span> <span class='ocrx_word' id='word_1_43' title='bbox 910 1622 1017 1691; x_wconf 83' lang='lat' dir='ltr'>opera</span> <span class='ocrx_word' id='word_1_44' title='bbox 1027 1600 1193 1693; x_wconf 81' lang='lat' dir='ltr'>Cypriani</span> <span class='ocrx_word' id='word_1_45' title='bbox 1207 1602 1361 1692; x_wconf 90' lang='lat' dir='ltr'>primum</span> <span class='ocrx_word' id='word_1_46' title='bbox 1375 1602 1484 1670; x_wconf 85' lang='lat' dir='ltr'>editi.</span> 
     </span>
     <span class='ocr_line' id='line_1_8' title="bbox 428 1713 1486 1808; baseline 0.003 -25"><span class='ocrx_word' id='word_1_47' title='bbox 428 1715 609 1807; x_wconf 88' lang='lat' dir='ltr'>Antiquus</span> <span class='ocrx_word' id='word_1_48' title='bbox 632 1724 729 1786; x_wconf 86' lang='lat' dir='ltr'>corte</span> <span class='ocrx_word' id='word_1_49' title='bbox 753 1723 818 1794; x_wconf 83' lang='lat' dir='ltr'>est.</span> <span class='ocrx_word' id='word_1_50' title='bbox 836 1737 878 1784; x_wconf 84' lang='lat' dir='ltr'>nc</span> <span class='ocrx_word' id='word_1_51' title='bbox 900 1715 946 1784; x_wconf 83' lang='lat' dir='ltr'>ab</span> <span class='ocrx_word' id='word_1_52' title='bbox 969 1738 1047 1785; x_wconf 84' lang='lat' dir='ltr'>aevo</span> <span class='ocrx_word' id='word_1_53' title='bbox 1065 1713 1231 1807; x_wconf 83' lang='lat' dir='ltr'>Cypriani</span> <span class='ocrx_word' id='word_1_54' title='bbox 1257 1738 1383 1808; x_wconf 84' lang='lat' dir='ltr'>parum</span> <span class='ocrx_word' id='word_1_55' title='bbox 1409 1716 1486 1786; x_wconf 91' lang='lat' dir='ltr'>dis-</span> 
     </span>
     <span class='ocr_line' id='line_1_9' title="bbox 427 1828 1485 1922; baseline -0.002 -21"><span class='ocrx_word' id='word_1_56' title='bbox 427 1840 516 1913; x_wconf 86' lang='lat' dir='ltr'><strong>tans,</strong></span> <span class='ocrx_word' id='word_1_57' title='bbox 534 1830 699 1922; x_wconf 91' lang='lat' dir='ltr'>quodque</span> <span class='ocrx_word' id='word_1_58' title='bbox 725 1828 883 1921; x_wconf 93' lang='lat' dir='ltr'>pluribus</span> <span class='ocrx_word' id='word_1_59' title='bbox 908 1828 995 1899; x_wconf 89' lang='lat' dir='ltr'>locis</span> <span class='ocrx_word' id='word_1_60' title='bbox 1021 1829 1130 1900; x_wconf 85' lang='lat' dir='ltr'>libelli</span> <span class='ocrx_word' id='word_1_61' title='bbox 1158 1831 1211 1900; x_wconf 91' lang='lat' dir='ltr'>sui</span> <span class='ocrx_word' id='word_1_62' title='bbox 1236 1852 1307 1899; x_wconf 89' lang='lat' dir='ltr'>non</span> <span class='ocrx_word' id='word_1_63' title='bbox 1328 1830 1485 1900; x_wconf 82' lang='lat' dir='ltr'>obscure</span> 
     </span>
     <span class='ocr_line' id='line_1_10' title="bbox 426 1944 1485 2036; baseline -0.002 -21"><span class='ocrx_word' id='word_1_64' title='bbox 426 1947 563 2027; x_wconf 89' lang='lat' dir='ltr'>inunit;</span> <span class='ocrx_word' id='word_1_65' title='bbox 589 1946 750 2014; x_wconf 82' lang='lat' dir='ltr'>fervente</span> <span class='ocrx_word' id='word_1_66' title='bbox 776 1944 893 2014; x_wconf 82' lang='lat' dir='ltr'>adhuc</span> <span class='ocrx_word' id='word_1_67' title='bbox 921 1945 1159 2014; x_wconf 80' lang='lat' dir='ltr'>controversis</span> <span class='ocrx_word' id='word_1_68' title='bbox 1186 1945 1231 2014; x_wconf 91' lang='lat' dir='ltr'>de</span> <span class='ocrx_word' id='word_1_69' title='bbox 1258 1945 1485 2036; x_wconf 79' lang='lat' dir='ltr'>rebaptizan-</span> 
     </span>
     <span class='ocr_line' id='line_1_11' title="bbox 426 2057 1484 2151; baseline 0 -22"><span class='ocrx_word' id='word_1_70' title='bbox 426 2061 480 2130; x_wconf 90' lang='lat' dir='ltr'>dis</span> <span class='ocrx_word' id='word_1_71' title='bbox 501 2060 686 2140; x_wconf 74' lang='lat' dir='ltr'>haereticis,</span> <span class='ocrx_word' id='word_1_72' title='bbox 707 2060 856 2151; x_wconf 83' lang='lat' dir='ltr'>scripsit.</span> <span class='ocrx_word' id='word_1_73' title='bbox 910 2058 1013 2129; x_wconf 92' lang='lat' dir='ltr'>Nihil</span> <span class='ocrx_word' id='word_1_74' title='bbox 1039 2057 1191 2151; x_wconf 84' lang='lat' dir='ltr'>amplius</span> <span class='ocrx_word' id='word_1_75' title='bbox 1218 2059 1262 2129; x_wconf 88' lang='lat' dir='ltr'>de</span> <span class='ocrx_word' id='word_1_76' title='bbox 1287 2082 1330 2130; x_wconf 89' lang='lat' dir='ltr'>eo</span> <span class='ocrx_word' id='word_1_77' title='bbox 1356 2061 1484 2129; x_wconf 89' lang='lat' dir='ltr'>diceu-</span> 
     </span>
     <span class='ocr_line' id='line_1_12' title="bbox 426 2175 1483 2267; baseline 0 -22"><span class='ocrx_word' id='word_1_78' title='bbox 426 2176 513 2245; x_wconf 91' lang='lat' dir='ltr'>dum</span> <span class='ocrx_word' id='word_1_79' title='bbox 543 2184 663 2257; x_wconf 85' lang='lat' dir='ltr'>restat,</span> <span class='ocrx_word' id='word_1_80' title='bbox 693 2176 759 2245; x_wconf 91' lang='lat' dir='ltr'>nisi</span> <span class='ocrx_word' id='word_1_81' title='bbox 790 2176 883 2266; x_wconf 93' lang='lat' dir='ltr'>quod</span> <span class='ocrx_word' id='word_1_82' title='bbox 915 2175 1015 2246; x_wconf 87' lang='lat' dir='ltr'>locus</span> <span class='ocrx_word' id='word_1_83' title='bbox 1044 2175 1188 2267; x_wconf 79' lang='lat' dir='ltr'>quidam</span> <span class='ocrx_word' id='word_1_84' title='bbox 1219 2183 1392 2244; x_wconf 82' lang='lat' dir='ltr'>tractatus</span> <span class='ocrx_word' id='word_1_85' title='bbox 1425 2176 1483 2245; x_wconf 90' lang='lat' dir='ltr'>sui</span> 
     </span>
     <span class='ocr_line' id='line_1_13' title="bbox 427 2288 1484 2383; baseline 0.002 -25"><span class='ocrx_word' id='word_1_86' title='bbox 427 2295 475 2381; x_wconf 88' lang='lat' dir='ltr'>(p.</span> <span class='ocrx_word' id='word_1_87' title='bbox 492 2294 575 2367; x_wconf 79' lang='lat'>129.</span> <span class='ocrx_word' id='word_1_88' title='bbox 602 2291 687 2359; x_wconf 87' lang='lat' dir='ltr'>edit.</span> <span class='ocrx_word' id='word_1_89' title='bbox 712 2289 846 2383; x_wconf 80' lang='lat' dir='ltr'>Rigalt.</span> <span class='ocrx_word' id='word_1_90' title='bbox 870 2289 978 2371; x_wconf 81' lang='grc'><strong>1648,</strong></span> <span class='ocrx_word' id='word_1_91' title='bbox 1005 2313 1069 2361; x_wconf 88' lang='lat' dir='ltr'>seu</span> <span class='ocrx_word' id='word_1_92' title='bbox 1094 2312 1169 2382; x_wconf 81' lang='lat' dir='ltr'>cap.</span> <span class='ocrx_word' id='word_1_93' title='bbox 1184 2293 1234 2381; x_wconf 88' lang='grc'>5.)</span> <span class='ocrx_word' id='word_1_94' title='bbox 1261 2288 1484 2381; x_wconf 86' lang='lat' dir='ltr'>Episcopum</span> 
     </span>
     <span class='ocr_line' id='line_1_14' title="bbox 427 2400 1484 2484; baseline 0.003 -15"><span class='ocrx_word' id='word_1_95' title='bbox 427 2402 534 2471; x_wconf 87' lang='lat' dir='ltr'>fnisse</span> <span class='ocrx_word' id='word_1_96' title='bbox 551 2403 699 2471; x_wconf 84' lang='lat' dir='ltr'>suadere</span> <span class='ocrx_word' id='word_1_97' title='bbox 719 2404 899 2484; x_wconf 85' lang='lat' dir='ltr'>videatur;</span> <span class='ocrx_word' id='word_1_98' title='bbox 926 2403 988 2472; x_wconf 91' lang='lat' dir='ltr'>ubi</span> <span class='ocrx_word' id='word_1_99' title='bbox 1012 2414 1116 2473; x_wconf 84' lang='lat' dir='ltr'>autor</span> <span class='ocrx_word' id='word_1_100' title='bbox 1136 2424 1174 2473; x_wconf 88' lang='lat' dir='ltr'>se</span> <span class='ocrx_word' id='word_1_101' title='bbox 1191 2425 1213 2472; x_wconf 83' lang='lat' dir='ltr'>n</span> <span class='ocrx_word' id='word_1_102' title='bbox 1229 2400 1324 2472; x_wconf 89' lang='lat' dir='ltr'>clero</span> <span class='ocrx_word' id='word_1_103' title='bbox 1340 2403 1484 2472; x_wconf 88' lang='lat' dir='ltr'>minore</span> 
     </span>
     <span class='ocr_line' id='line_1_15' title="bbox 427 2517 1483 2610; baseline 0.002 -24"><span class='ocrx_word' id='word_1_104' title='bbox 427 2526 549 2608; x_wconf 82' lang='lat' dir='ltr'>aperte</span> <span class='ocrx_word' id='word_1_105' title='bbox 572 2518 657 2586; x_wconf 79' lang='lat' dir='ltr'>sctis</span> <span class='ocrx_word' id='word_1_106' title='bbox 679 2518 878 2610; x_wconf 83' lang='lat' dir='ltr'>distinguit,</span> <span class='ocrx_word' id='word_1_107' title='bbox 896 2540 1079 2609; x_wconf 87' lang='lat' dir='ltr'>unumque</span> <span class='ocrx_word' id='word_1_108' title='bbox 1097 2541 1142 2587; x_wconf 86' lang='lat' dir='ltr'>ex</span> <span class='ocrx_word' id='word_1_109' title='bbox 1167 2518 1209 2587; x_wconf 92' lang='lat' dir='ltr'>iis</span> <span class='ocrx_word' id='word_1_110' title='bbox 1232 2517 1338 2586; x_wconf 81' lang='lat' dir='ltr'>fuisse</span> <span class='ocrx_word' id='word_1_111' title='bbox 1356 2517 1483 2588; x_wconf 89' lang='lat' dir='ltr'>subin·</span> 
     </span>
     <span class='ocr_line' id='line_1_16' title="bbox 427 2631 1483 2725; baseline 0.001 -24"><span class='ocrx_word' id='word_1_112' title='bbox 427 2632 534 2716; x_wconf 82' lang='lat' dir='ltr'>dicat,</span> <span class='ocrx_word' id='word_1_113' title='bbox 559 2633 687 2724; x_wconf 91' lang='lat' dir='ltr'>quibus</span> <span class='ocrx_word' id='word_1_114' title='bbox 714 2633 890 2724; x_wconf 83' lang='lat' dir='ltr'>baptisma</span> <span class='ocrx_word' id='word_1_115' title='bbox 914 2633 1067 2725; x_wconf 90' lang='lat' dir='ltr'>Spiritus</span> <span class='ocrx_word' id='word_1_116' title='bbox 1097 2655 1161 2724; x_wconf 90' lang='lat' dir='ltr'>per</span> <span class='ocrx_word' id='word_1_117' title='bbox 1184 2653 1310 2701; x_wconf 80' lang='lat' dir='ltr'>manus</span> <span class='ocrx_word' id='word_1_118' title='bbox 1334 2631 1483 2723; x_wconf 90' lang='lat' dir='ltr'>imposi-</span> 
     </span>
     <span class='ocr_line' id='line_1_17' title="bbox 427 2747 1482 2839; baseline 0.001 -23"><span class='ocrx_word' id='word_1_119' title='bbox 427 2748 562 2818; x_wconf 79' lang='lat' dir='ltr'>tionem</span> <span class='ocrx_word' id='word_1_120' title='bbox 596 2748 798 2817; x_wconf 84' lang='lat' dir='ltr'>oonferendi</span> <span class='ocrx_word' id='word_1_121' title='bbox 833 2755 992 2839; x_wconf 80' lang='lat' dir='ltr'>potestas</span> <span class='ocrx_word' id='word_1_122' title='bbox 1021 2771 1042 2817; x_wconf 88' lang='lat' dir='ltr'>n</span> <span class='ocrx_word' id='word_1_123' title='bbox 1072 2749 1229 2818; x_wconf 90' lang='lat' dir='ltr'>Domino</span> <span class='ocrx_word' id='word_1_124' title='bbox 1259 2747 1390 2817; x_wconf 80' lang='lat' dir='ltr'>tradita</span> <span class='ocrx_word' id='word_1_125' title='bbox 1421 2749 1482 2819; x_wconf 89' lang='lat' dir='ltr'>sit.</span> 
     </span>
     <span class='ocr_line' id='line_1_18' title="bbox 427 2862 1483 2955; baseline 0.002 -23"><span class='ocrx_word' id='word_1_126' title='bbox 427 2862 508 2945; x_wconf 86' lang='lat' dir='ltr'>Quo</span> <span class='ocrx_word' id='word_1_127' title='bbox 526 2864 695 2955; x_wconf 86' lang='lat' dir='ltr'>majorem</span> <span class='ocrx_word' id='word_1_128' title='bbox 714 2886 796 2933; x_wconf 87' lang='lat' dir='ltr'>vero</span> <span class='ocrx_word' id='word_1_129' title='bbox 820 2862 937 2933; x_wconf 86' lang='lat' dir='ltr'>lucem</span> <span class='ocrx_word' id='word_1_130' title='bbox 960 2864 1011 2933; x_wconf 89' lang='lat' dir='ltr'>rei</span> <span class='ocrx_word' id='word_1_131' title='bbox 1035 2863 1232 2946; x_wconf 83' lang='lat' dir='ltr'>offeramus,</span> <span class='ocrx_word' id='word_1_132' title='bbox 1251 2862 1367 2933; x_wconf 84' lang='lat' dir='ltr'>locum</span> <span class='ocrx_word' id='word_1_133' title='bbox 1385 2864 1483 2934; x_wconf 82' lang='lat' dir='ltr'>inte·</span> 
     </span>
     <span class='ocr_line' id='line_1_19' title="bbox 425 2978 1062 3071; baseline 0.003 -24"><span class='ocrx_word' id='word_1_134' title='bbox 425 3001 529 3071; x_wconf 91' lang='lat' dir='ltr'>grum</span> <span class='ocrx_word' id='word_1_135' title='bbox 546 3001 723 3071; x_wconf 85' lang='lat' dir='ltr'>apponere</span> <span class='ocrx_word' id='word_1_136' title='bbox 738 3001 810 3047; x_wconf 89' lang='lat' dir='ltr'>non</span> <span class='ocrx_word' id='word_1_137' title='bbox 827 2978 1062 3071; x_wconf 81' lang='lat' dir='ltr'>gravabimur.</span> 
     </span>
    </p>

    <p class='ocr_par' dir='ltr' id='par_1_5' title="bbox 426 3089 1576 4681">
     <span class='ocr_line' id='line_1_20' title="bbox 476 3089 1483 3186; baseline 0.005 -25"><span class='ocrx_word' id='word_1_138' title='bbox 476 3089 526 3161; x_wconf 86' lang='lat' dir='ltr'>Et</span> <span class='ocrx_word' id='word_1_139' title='bbox 556 3090 642 3174; x_wconf 83' lang='lat' dir='ltr'>ideo,</span> <span class='ocrx_word' id='word_1_140' title='bbox 673 3093 799 3182; x_wconf 90' lang='lat' dir='ltr'>iuquit,</span> <span class='ocrx_word' id='word_1_141' title='bbox 829 3114 906 3161; x_wconf 83' lang='lat' dir='ltr'>cum</span> <span class='ocrx_word' id='word_1_142' title='bbox 933 3090 1027 3163; x_wconf 67' lang='lat' dir='ltr'>solers</span> <span class='ocrx_word' id='word_1_143' title='bbox 1058 3102 1176 3165; x_wconf 81' lang='lat' dir='ltr'>nostro</span> <span class='ocrx_word' id='word_1_144' title='bbox 1205 3095 1244 3163; x_wconf 83' lang='lat' dir='ltr'>in</span> <span class='ocrx_word' id='word_1_145' title='bbox 1277 3091 1483 3186; x_wconf 77' lang='lat' dir='ltr'>baptismate</span> 
     </span>
     <span class='ocr_line' id='line_1_21' title="bbox 426 3205 1482 3300; baseline 0.005 -24"><span class='ocrx_word' id='word_1_146' title='bbox 426 3205 583 3300; x_wconf 65' lang='lat' dir='ltr'>Spiritm</span> <span class='ocrx_word' id='word_1_147' title='bbox 614 3206 723 3298; x_wconf 88' lang='lat' dir='ltr'>(qnod</span> <span class='ocrx_word' id='word_1_148' title='bbox 753 3207 979 3299; x_wconf 85' lang='lat' dir='ltr'>impositione</span> <span class='ocrx_word' id='word_1_149' title='bbox 1012 3230 1182 3278; x_wconf 81' lang='lat' dir='ltr'>manuum</span> <span class='ocrx_word' id='word_1_150' title='bbox 1213 3207 1482 3299; x_wconf 80' lang='lat' dir='ltr'>Episcopnlium</span> 
     </span>
     <span class='ocr_line' id='line_1_22' title="bbox 427 3320 1482 3417; baseline 0.004 -26"><span class='ocrx_word' id='word_1_151' title='bbox 427 3321 576 3391; x_wconf 88' lang='lat' dir='ltr'>conferri</span> <span class='ocrx_word' id='word_1_152' title='bbox 598 3344 702 3414; x_wconf 79' lang='lat' dir='ltr'>supro</span> <span class='ocrx_word' id='word_1_153' title='bbox 723 3323 852 3413; x_wconf 86' lang='lat' dir='ltr'>saepius</span> <span class='ocrx_word' id='word_1_154' title='bbox 874 3320 1057 3415; x_wconf 83' lang='lat' dir='ltr'>docuerat)</span> <span class='ocrx_word' id='word_1_155' title='bbox 1075 3321 1168 3417; x_wconf 83' lang='lat' dir='ltr'>quod</span> <span class='ocrx_word' id='word_1_156' title='bbox 1183 3320 1384 3416; x_wconf 70' lang='lat' dir='ltr'>plonmpae</span> <span class='ocrx_word' id='word_1_157' title='bbox 1400 3347 1482 3395; x_wconf 80' lang='lat' dir='ltr'>cum</span> 
     </span>
     <span class='ocr_line' id='line_1_23' title="bbox 427 3433 1484 3530; baseline 0.004 -26"><span class='ocrx_word' id='word_1_158' title='bbox 427 3433 626 3528; x_wconf 80' lang='lat' dir='ltr'>baptismate</span> <span class='ocrx_word' id='word_1_159' title='bbox 659 3458 759 3530; x_wconf 81' lang='lat' dir='ltr'>oquoe</span> <span class='ocrx_word' id='word_1_160' title='bbox 791 3436 1006 3529; x_wconf 80' lang='lat' dir='ltr'>conjunctum</span> <span class='ocrx_word' id='word_1_161' title='bbox 1040 3445 1100 3520; x_wconf 81' lang='lat' dir='ltr'>est,</span> <span class='ocrx_word' id='word_1_162' title='bbox 1129 3438 1175 3509; x_wconf 79' lang='lat' dir='ltr'>sit</span> <span class='ocrx_word' id='word_1_163' title='bbox 1208 3439 1417 3518; x_wconf 59' lang='lat' dir='ltr'>cornutula:</span> <span class='ocrx_word' id='word_1_164' title='bbox 1448 3440 1484 3508; x_wconf 81' lang='lat' dir='ltr'>si</span> 
     </span>
     <span class='ocr_line' id='line_1_24' title="bbox 427 3547 1484 3649; baseline 0.005 -30"><span class='ocrx_word' id='word_1_165' title='bbox 427 3547 561 3643; x_wconf 81' lang='lat' dir='ltr'>quidem</span> <span class='ocrx_word' id='word_1_166' title='bbox 583 3574 651 3644; x_wconf 83' lang='lat' dir='ltr'>per</span> <span class='ocrx_word' id='word_1_167' title='bbox 675 3573 737 3621; x_wconf 77' lang='lat' dir='ltr'>nos</span> <span class='ocrx_word' id='word_1_168' title='bbox 764 3548 932 3645; x_wconf 79' lang='lat' dir='ltr'>baptismo</span> <span class='ocrx_word' id='word_1_169' title='bbox 958 3551 1124 3634; x_wconf 80' lang='lat' dir='ltr'>tradetur.</span> <span class='ocrx_word' id='word_1_170' title='bbox 1145 3553 1286 3649; x_wconf 69' lang='lat' dir='ltr'>integre,</span> <span class='ocrx_word' id='word_1_171' title='bbox 1310 3561 1342 3623; x_wconf 84' lang='lat' dir='ltr'>et</span> <span class='ocrx_word' id='word_1_172' title='bbox 1367 3552 1484 3625; x_wconf 75' lang='lat' dir='ltr'>soleri-</span> 
     </span>
     <span class='ocr_line' id='line_1_25' title="bbox 428 3667 1484 3765; baseline 0.006 -31"><span class='ocrx_word' id='word_1_173' title='bbox 428 3667 528 3748; x_wconf 66' lang='lat' dir='ltr'>nitn,</span> <span class='ocrx_word' id='word_1_174' title='bbox 556 3675 588 3736; x_wconf 85' lang='lat' dir='ltr'>et</span> <span class='ocrx_word' id='word_1_175' title='bbox 607 3689 674 3760; x_wconf 81' lang='lat' dir='ltr'>per</span> <span class='ocrx_word' id='word_1_176' title='bbox 699 3668 816 3737; x_wconf 84' lang='lat' dir='ltr'>omnia</span> <span class='ocrx_word' id='word_1_177' title='bbox 838 3689 916 3759; x_wconf 82' lang='lat' dir='ltr'>quoe</span> <span class='ocrx_word' id='word_1_178' title='bbox 939 3667 1070 3761; x_wconf 69' lang='lat' dir='ltr'>surpta</span> <span class='ocrx_word' id='word_1_179' title='bbox 1094 3676 1174 3737; x_wconf 81' lang='lat' dir='ltr'>sunt</span> <span class='ocrx_word' id='word_1_180' title='bbox 1198 3669 1402 3765; x_wconf 70' lang='lat' dir='ltr'>assignetur,</span> <span class='ocrx_word' id='word_1_181' title='bbox 1429 3678 1484 3740; x_wconf 84' lang='lat' dir='ltr'>at·</span> 
     </span>
     <span class='ocr_line' id='line_1_26' title="bbox 427 3779 1486 3876; baseline 0.005 -26"><span class='ocrx_word' id='word_1_182' title='bbox 427 3804 491 3874; x_wconf 79' lang='lat' dir='ltr'>quc</span> <span class='ocrx_word' id='word_1_183' title='bbox 507 3781 582 3852; x_wconf 81' lang='lat' dir='ltr'>sine</span> <span class='ocrx_word' id='word_1_184' title='bbox 599 3779 670 3851; x_wconf 81' lang='lat' dir='ltr'>ullo</span> <span class='ocrx_word' id='word_1_185' title='bbox 686 3780 791 3853; x_wconf 73' lang='lat' dir='ltr'>odius</span> <span class='ocrx_word' id='word_1_186' title='bbox 808 3782 862 3852; x_wconf 78' lang='lat' dir='ltr'>rei</span> <span class='ocrx_word' id='word_1_187' title='bbox 878 3784 1094 3876; x_wconf 78' lang='lat' dir='ltr'>separatione</span> <span class='ocrx_word' id='word_1_188' title='bbox 1110 3783 1293 3854; x_wconf 79' lang='lat' dir='ltr'>tradatur:</span> <span class='ocrx_word' id='word_1_189' title='bbox 1321 3792 1381 3853; x_wconf 83' lang='lat' dir='ltr'>aut</span> <span class='ocrx_word' id='word_1_190' title='bbox 1402 3784 1437 3853; x_wconf 79' lang='lat' dir='ltr'>si</span> <span class='ocrx_word' id='word_1_191' title='bbox 1460 3809 1486 3856; x_wconf 84' lang='lat' dir='ltr'><strong><em>a</em></strong></span> 
     </span>
     <span class='ocr_line' id='line_1_27' title="bbox 427 3894 1576 4000; baseline 0.006 -35"><span class='ocrx_word' id='word_1_192' title='bbox 427 3896 560 3967; x_wconf 83' lang='lat' dir='ltr'>minore</span> <span class='ocrx_word' id='word_1_193' title='bbox 577 3894 666 3967; x_wconf 73' lang='lat' dir='ltr'>ctero</span> <span class='ocrx_word' id='word_1_194' title='bbox 683 3896 722 3989; x_wconf 89' lang='lat' dir='ltr'>(i.</span> <span class='ocrx_word' id='word_1_195' title='bbox 738 3920 767 3966; x_wconf 88' lang='lat' dir='ltr'>e.</span> <span class='ocrx_word' id='word_1_196' title='bbox 786 3898 993 3989; x_wconf 78' lang='lat' dir='ltr'>presbytero</span> <span class='ocrx_word' id='word_1_197' title='bbox 1018 3907 1056 3968; x_wconf 88' lang='lat' dir='ltr'>et</span> <span class='ocrx_word' id='word_1_198' title='bbox 1079 3897 1237 3981; x_wconf 82' lang='lat' dir='ltr'>diacono,</span> <span class='ocrx_word' id='word_1_199' title='bbox 1255 3908 1296 3968; x_wconf 89' lang='lat' dir='ltr'>ut</span> <span class='ocrx_word' id='word_1_200' title='bbox 1322 3900 1358 3968; x_wconf 91' lang='lat' dir='ltr'>in</span> <span class='ocrx_word' id='word_1_201' title='bbox 1385 3903 1486 3971; x_wconf 87' lang='lat' dir='ltr'>uotis</span> <span class='ocrx_word' id='word_1_202' title='bbox 1571 3989 1576 4000; x_wconf 30' lang='lat'><strong>¹</strong></span> 
     </span>
     <span class='ocr_line' id='line_1_28' title="bbox 427 4010 1485 4107; baseline 0.007 -29"><span class='ocrx_word' id='word_1_203' title='bbox 427 4019 524 4080; x_wconf 87' lang='lat' dir='ltr'>recte</span> <span class='ocrx_word' id='word_1_204' title='bbox 559 4010 751 4105; x_wconf 83' lang='lat' dir='ltr'>Rigaltius)</span> <span class='ocrx_word' id='word_1_205' title='bbox 785 4036 853 4105; x_wconf 84' lang='lat' dir='ltr'>per</span> <span class='ocrx_word' id='word_1_206' title='bbox 886 4013 1115 4084; x_wconf 78' lang='lat' dir='ltr'>necessitatem</span> <span class='ocrx_word' id='word_1_207' title='bbox 1155 4014 1321 4085; x_wconf 80' lang='lat' dir='ltr'>traditum</span> <span class='ocrx_word' id='word_1_208' title='bbox 1350 4012 1485 4107; x_wconf 77' lang='lat' dir='ltr'>fuerit,</span> 
     </span>
     <span class='ocr_line' id='line_1_29' title="bbox 427 4126 1487 4222; baseline 0.008 -29"><span class='ocrx_word' id='word_1_209' title='bbox 427 4134 579 4194; x_wconf 80' lang='lat' dir='ltr'>eventum</span> <span class='ocrx_word' id='word_1_210' title='bbox 603 4133 878 4218; x_wconf 61' lang='lat' dir='ltr'>exponemuset</span> <span class='ocrx_word' id='word_1_211' title='bbox 903 4136 964 4197; x_wconf 81' lang='lat' dir='ltr'>aut</span> <span class='ocrx_word' id='word_1_212' title='bbox 987 4126 1225 4222; x_wconf 79' lang='lat' dir='ltr'>suppleaturn</span> <span class='ocrx_word' id='word_1_213' title='bbox 1248 4126 1355 4211; x_wconf 82' lang='lat' dir='ltr'>nobis,</span> <span class='ocrx_word' id='word_1_214' title='bbox 1373 4139 1437 4199; x_wconf 81' lang='lat' dir='ltr'>out</span> <span class='ocrx_word' id='word_1_215' title='bbox 1461 4154 1487 4201; x_wconf 84' lang='lat' dir='ltr'><strong><em>a</em></strong></span> 
     </span>
     <span class='ocr_line' id='line_1_30' title="bbox 427 4237 1487 4335; baseline 0.007 -26"><span class='ocrx_word' id='word_1_216' title='bbox 427 4237 583 4310; x_wconf 82' lang='lat' dir='ltr'>Domino</span> <span class='ocrx_word' id='word_1_217' title='bbox 620 4238 845 4333; x_wconf 80' lang='lat' dir='ltr'>supplendum</span> <span class='ocrx_word' id='word_1_218' title='bbox 884 4251 1085 4313; x_wconf 68' lang='lat' dir='ltr'>renouetur.</span> <span class='ocrx_word' id='word_1_219' title='bbox 1151 4242 1319 4335; x_wconf 87' lang='lat' dir='ltr'>Nuperus</span> <span class='ocrx_word' id='word_1_220' title='bbox 1358 4252 1487 4316; x_wconf 79' lang='lat' dir='ltr'>tomen</span> 
     </span>
     <span class='ocr_line' id='line_1_31' title="bbox 427 4355 1489 4451; baseline 0.002 -27"><span class='ocrx_word' id='word_1_221' title='bbox 427 4355 575 4446; x_wconf 88' lang='lat' dir='ltr'>scriptor</span> <span class='ocrx_word' id='word_1_222' title='bbox 588 4355 794 4441; x_wconf 84' lang='lat' dir='ltr'>(Casimirus</span> <span class='ocrx_word' id='word_1_223' title='bbox 812 4357 934 4427; x_wconf 90' lang='lat' dir='ltr'>Oudin</span> <span class='ocrx_word' id='word_1_224' title='bbox 952 4357 1136 4450; x_wconf 86' lang='lat' dir='ltr'>Supplem.</span> <span class='ocrx_word' id='word_1_225' title='bbox 1154 4357 1199 4427; x_wconf 86' lang='lat' dir='ltr'>de</span> <span class='ocrx_word' id='word_1_226' title='bbox 1218 4356 1346 4447; x_wconf 88' lang='lat' dir='ltr'>Script.</span> <span class='ocrx_word' id='word_1_227' title='bbox 1360 4357 1397 4424; x_wconf 91' lang='lat' dir='ltr'>iu</span> <span class='ocrx_word' id='word_1_228' title='bbox 1411 4356 1489 4451; x_wconf 83' lang='lat' dir='ltr'>cy.</span> 
     </span>
     <span class='ocr_line' id='line_1_32' title="bbox 426 4469 1490 4561; baseline 0.007 -24"><span class='ocrx_word' id='word_1_229' title='bbox 426 4470 564 4561; x_wconf 82' lang='lat' dir='ltr'>priano)</span> <span class='ocrx_word' id='word_1_230' title='bbox 583 4470 744 4541; x_wconf 91' lang='lat' dir='ltr'>libellum</span> <span class='ocrx_word' id='word_1_231' title='bbox 763 4472 870 4541; x_wconf 87' lang='lat' dir='ltr'>istum</span> <span class='ocrx_word' id='word_1_232' title='bbox 890 4471 1020 4542; x_wconf 91' lang='lat' dir='ltr'>Ursino</span> <span class='ocrx_word' id='word_1_233' title='bbox 1038 4472 1211 4542; x_wconf 83' lang='lat' dir='ltr'>monacho</span> <span class='ocrx_word' id='word_1_234' title='bbox 1229 4471 1367 4541; x_wconf 86' lang='lat' dir='ltr'>cuidam</span> <span class='ocrx_word' id='word_1_235' title='bbox 1384 4469 1490 4544; x_wconf 85' lang='lat' dir='ltr'>Afri-</span> 
     </span>
     <span class='ocr_line' id='line_1_33' title="bbox 428 4584 1489 4681; baseline 0.011 -30"><span class='ocrx_word' id='word_1_236' title='bbox 428 4606 515 4653; x_wconf 86' lang='lat' dir='ltr'>cano</span> <span class='ocrx_word' id='word_1_237' title='bbox 546 4584 722 4656; x_wconf 81' lang='lat' dir='ltr'>Gennadii</span> <span class='ocrx_word' id='word_1_238' title='bbox 754 4585 998 4666; x_wconf 80' lang='lat' dir='ltr'>Massiliensis,</span> <span class='ocrx_word' id='word_1_239' title='bbox 1025 4601 1062 4658; x_wconf 87' lang='lat' dir='ltr'>et</span> <span class='ocrx_word' id='word_1_240' title='bbox 1087 4587 1253 4658; x_wconf 84' lang='lat' dir='ltr'>Vaticani</span> <span class='ocrx_word' id='word_1_241' title='bbox 1283 4587 1364 4656; x_wconf 86' lang='lat' dir='ltr'>MS.</span> <span class='ocrx_word' id='word_1_242' title='bbox 1393 4592 1489 4681; x_wconf 90' lang='lat' dir='ltr'>(quo</span> 
     </span>
    </p>
   </div>
   <div class='ocr_carea' id='block_1_5' title="bbox 0 0 1914 5692">
    <p class='ocr_par' dir='ltr' id='par_1_6' title="bbox 0 0 1914 5692">
     <span class='ocr_line' id='line_1_34' title="bbox 0 0 1914 5692; baseline 0 0"><span class='ocrx_word' id='word_1_243' title='bbox 0 0 1914 5692; x_wconf 95' lang='lat' dir='ltr'> </span> 
     </span>
    </p>
   </div>
  </div>
 </body>
</html>
