3817 5692
798 685 1107 749 DISPUTATIO.
1411 688 1474 755 178

426 858 544 948 patris,
570 866 632 926 aut
662 857 783 927 matris
813 857 998 927 robustum
1027 868 1152 950 pectus
1181 858 1373 930 inflectere.
1425 858 1474 931 Et

426 971 554 1041 iterum
574 960 717 1042 volente
737 971 806 1042 alio
832 973 984 1063 quodam
1012 973 1129 1044 dicere
1155 976 1200 1056 ei,
1223 973 1292 1056 ibo,
1316 984 1354 1046 et
1375 998 1476 1068 sepe-

427 1088 510 1157 liam
544 1096 681 1179 pntrem
712 1110 843 1171 meum,
869 1089 929 1169 ait,
958 1086 1123 1159 ¹Dimitte
1153 1099 1304 1160 uterinos
1333 1089 1476 1184 sepelire

428 1210 578 1272 mortuos
594 1225 683 1273 suos.
719 1201 864 1273 Intuere
882 1225 965 1297 ergo
984 1205 1162 1295 quomodo
1180 1202 1358 1274 Dominus
1375 1228 1475 1276 meus

309 1371 312 1375 Α
426 1315 531 1386 Jesus
553 1318 620 1388 sad
643 1320 841 1389 necessaria
866 1319 1056 1411 discipulos
1077 1320 1238 1402 aedificat,
1256 1330 1295 1391 et
1316 1344 1381 1413 pro
1402 1343 1476 1390 me-

426 1433 503 1502 ritis
518 1433 710 1525 uuicuique
728 1443 849 1504 sanots
866 1435 976 1505 verba
992 1437 1196 1506 committit.
1248 1437 1307 1507 Ita
1323 1446 1361 1505 et
1377 1437 1414 1505 in
1432 1458 1476 1507 eo

427 1556 598 1639 tempore,
616 1572 686 1640 quo
708 1552 911 1642 importune
927 1553 1199 1622 annuntiaverat
1218 1552 1361 1643 quidam
1379 1552 1412 1620 ei
1431 1550 1476 1621 de

426 1673 553 1746 matre,
583 1687 656 1734 non
685 1665 935 1758 complectitur
961 1690 1024 1758 pro
1049 1669 1173 1737 matris
1202 1669 1386 1759 praesentia
1415 1689 1477 1758 pa·

428 1786 570 1848 ternum
587 1782 767 1871 praeterire
780 1790 1009 1873 praeceptum.
1062 1782 1116 1852 Ut
1135 1791 1255 1852 autem
1274 1782 1340 1852 tibi
1358 1790 1476 1851 osten-

428 1893 509 1963 dam
527 1893 601 1966 haeo
617 1896 669 1966 ita
685 1918 781 1978 ssse3
808 1897 937 1967 Petrus
953 1898 1155 1990 aliquando,
1173 1921 1255 1967 oum
1271 1897 1348 1989 jam
1365 1897 1478 1967 beati·

426 2010 639 2107 ficationem
655 2012 778 2082 fuisset
803 2012 848 2082 ab
876 2035 919 2082 eo
947 2024 1167 2096 consecutus,
1194 2013 1245 2083 ait
1270 2013 1314 2083 ad
1340 2012 1476 2092 Jesum‚

428 2122 630 2219 'Propitius
646 2136 715 2197 esto
732 2125 894 2212 Domine,
912 2152 982 2199 oon
1003 2130 1070 2200 erit
1091 2127 1154 2201 tibi
1176 2128 1280 2213 istud,
1298 2152 1379 2198 eum
1399 2129 1477 2198 dix-

427 2243 512 2311 isset
523 2242 556 2310 ei
567 2241 683 2324 Jesus,
695 2239 989 2336 quiahoporteret
999 2243 1111 2313 filium
1124 2243 1277 2313 hominis
1287 2243 1477 2314 ascendere

426 2356 696 2449 «ierosolymam,
715 2369 752 2429 et
778 2360 901 2442 occidi,
920 2369 958 2430 et
978 2359 1085 2430 tertia
1111 2359 1167 2429 die
1193 2380 1396 2452 resurgere;
1423 2381 1478 2429 re·

427 2474 603 2564 spondens
620 2476 672 2544 ait
686 2473 805 2556 Petro,
827 2473 920 2546 Vade
932 2484 1025 2546 retro
1037 2473 1181 2555 Saturno,
1196 2474 1278 2568 quio
1296 2497 1365 2544 uon
1382 2474 1477 2567 sapis

427 2610 504 2681 quae
520 2587 592 2659 Dei
608 2598 697 2671 sunt,
714 2589 776 2659 sed
790 2612 868 2683 quoe
884 2587 1060 2661 domiuum
1079 2598 1169 2660 suut.
1196 2589 1374 2673 Quoniam
1392 2613 1477 2684 ergo

427 2706 608 2780 existimas
636 2705 747 2788 illum,
776 2708 836 2798 qui
867 2708 899 2775 ei
926 2707 971 2776 de
999 2715 1113 2775 matre
1141 2706 1415 2791 renuntiaverat,
1440 2716 1477 2776 et

427 2820 603 2904 fratribus,
623 2823 844 2914 increpatum
870 2844 946 2892 esse
972 2821 1017 2891 ab
1038 2820 1148 2904 Jesu3
1175 2822 1282 2890 istum
1303 2843 1396 2901 vero,
1416 2821 1477 2912 qui

428 2935 533 3026 paulo
558 2946 641 3008 ante
666 2938 814 3017 dixerat,
839 2933 898 3006 Tu
920 2959 956 3006 es
970 2934 1073 3028 filius
1089 2934 1162 3006 Dei
1181 2934 1261 3016 vivi,
1288 2934 1479 3006 beatitudi-

428 3072 511 3119 nem
541 3061 791 3134 consecutum3
820 3052 898 3122 vide
929 3053 1012 3143 quia
1041 3053 1153 3145 magis
1180 3047 1290 3121 ¹huno
1321 3051 1478 3143 praetulit

428 3165 545 3248 Jesus,
568 3169 624 3237 eui
655 3177 692 3238 et
722 3168 944 3250 clementius,
972 3176 1118 3237 etcum
1140 3168 1243 3237 venis
1272 3189 1476 3259 responsum

429 3281 512 3351 dare
542 3282 707 3376 dignatus
737 3294 811 3366 est;
838 3284 947 3354 Petro
971 3307 1054 3353 vero
1079 3293 1159 3375 post
1187 3282 1284 3353 iliam
1314 3281 1480 3353 benedic·

429 3398 562 3466 tionem
589 3397 726 3468 nullum
748 3400 823 3491 jam
850 3400 964 3470 veniae
990 3398 1139 3492 largitur
1163 3397 1322 3481 titulum,
1346 3421 1409 3489 pro
1435 3422 1478 3469 eo

430 3515 523 3605 quod
541 3524 704 3585 naturam
722 3517 772 3586 rei
795 3517 862 3587 sibi
885 3517 992 3586 dietae
1017 3538 1087 3586 non
1114 3514 1303 3608 diligenter
1318 3516 1480 3585 adverto-

429 3630 485 3699 rit.
538 3628 639 3700 Illius
657 3632 752 3701 enim
774 3633 891 3702 nuntii
915 3655 1012 3702 error
1037 3633 1194 3723 responsi
1220 3632 1356 3701 ratione
1374 3632 1480 3701 corri-

429 3747 546 3838 gitur;
572 3745 676 3837 hujus
695 3769 777 3817 vero
794 3748 941 3818 tarditas
959 3746 1162 3818 intellectus
1179 3747 1349 3817 acerbiori
1367 3748 1481 3817 inore·

430 3861 574 3950 pations
603 3860 801 3932 damnatur.
854 3863 910 3932 Ex
937 3886 1008 3956 quo
1038 3862 1222 3933 advertere
1248 3871 1360 3954 potes,
1385 3863 1479 3954 quod

431 3972 607 4044 Dominus
634 3973 739 4045 Jesns
767 3977 1086 4071 interrogationum
1116 3976 1181 4046 sibi
1213 3979 1480 4069 opportunitate

430 4099 579 4173 servata,
614 4090 760 4184 dignum
800 4103 939 4183 promat
978 4092 1134 4187 singulis,
1169 4101 1479 4186 opportunumque

470 4302 487 4346 s
509 4292 543 4347 ln
557 4294 658 4351 eodem
672 4294 778 4361 codice,
792 4294 829 4350 ad
842 4296 1028 4351 necessariam.

471 4386 488 4430 h
502 4390 537 4445 ln
551 4391 652 4448 eodem
666 4392 773 4458 codice,
788 4401 903 4467 oportet,
918 4411 1000 4450 secus
1014 4399 1099 4466 atque
1113 4390 1200 4448 habet
1214 4391 1341 4466 Vulgata
1354 4389 1450 4448 editio.

473 4482 481 4525 ἱ
497 4484 530 4541 Iu
545 4487 641 4545 codice
656 4488 803 4546 (lesinensi
815 4497 868 4554 est,
884 4489 956 4547 duic.

653 4621 661 4645 ¹
676 4616 744 4674 Luc.
758 4619 795 4675 ix.
811 4621 859 4676 60.
1024 4624 1033 4647 ¹
1048 4618 1123 4675 Mat.
1140 4617 1192 4673 xvi.
1210 4633 1256 4671 22.
