3817 5692
769 694 1079 758 DISPUTATIO.
1384 696 1448 759 137

397 873 624 958 terorumque
639 867 699 958 qui
714 869 889 959 propriam
904 868 1047 937 sibimet
1060 862 1143 959 ipsis
1157 866 1338 937 scientiam
1352 885 1448 936 oom-

397 992 599 1070 posnerunt.
626 982 743 1065 Quem
762 982 889 1052 horum
909 984 1085 1052 destruxit
1103 983 1209 1062 dicat,
1227 991 1289 1051 aut
1306 983 1446 1073 quando

397 1097 567 1182 destruet,
585 1098 684 1187 quasi
712 1096 913 1188 perfectus?
941 1097 1107 1166 Inducias
1133 1097 1287 1166 fortassis
1313 1096 1446 1187 aliquas

396 1213 530 1302 quaerit.
564 1210 681 1280 mNon
699 1212 815 1303 plane,
833 1220 993 1281 nontam
1012 1211 1170 1293 obscure,
1189 1221 1226 1281 et
1243 1211 1447 1304 ignobiliter

395 1327 561 1396 adveniet
578 1326 650 1408 ille,
668 1329 728 1417 qui
746 1327 924 1418 perfectus
942 1336 1008 1407 est,
1025 1328 1062 1395 id
1081 1336 1145 1408 est,
1163 1326 1267 1396 Jesus
1284 1326 1446 1397 Christus

396 1442 573 1512 Dominus
599 1452 728 1513 noster.
782 1441 853 1512 Sed
880 1445 972 1511 sicut
1003 1465 1065 1511 rex
1097 1443 1287 1512 adveniens
1317 1444 1361 1512 ad
1387 1466 1446 1511 ur·

396 1555 478 1625 bem
499 1579 608 1638 suam,
627 1556 812 1648 praemittit
833 1558 947 1647 primo
965 1564 1207 1647 nprotectores
1225 1577 1317 1638 suos,
1334 1557 1444 1648 signa,

397 1670 574 1751 dracones,
610 1659 758 1753 labaros,
794 1671 912 1752 duces,
950 1672 1134 1762 principes,
1178 1671 1372 1761 praefectos,
1407 1679 1445 1740 et

397 1786 560 1855 universa
577 1788 746 1855 continuo
764 1794 1044 1868 commoventur,
1061 1786 1138 1856 aliis
1157 1807 1239 1854 vero
1252 1786 1445 1854 metuenti-

396 1899 472 1980 bus,
500 1900 577 1969 aliis
604 1923 686 1970 vero
708 1901 945 1994 gaudentibus
971 1924 1035 1993 pro
1061 1900 1309 1991 expectatione
1333 1898 1444 1991 regis3

396 2016 447 2083 ita
470 2023 508 2083 et
533 2015 709 2085 Dominus
731 2038 832 2085 meus
848 2015 964 2098 Jesus,
983 2018 1043 2106 qui
1070 2024 1124 2085 est
1148 2037 1229 2083 vere
1255 2014 1443 2106 perfectus,

396 2128 587 2198 adveniens
605 2130 787 2220 praemittit
804 2131 840 2198 in
861 2131 976 2222 primo
992 2130 1139 2224 gloriam
1159 2152 1268 2211 suam,
1287 2130 1445 2199 inconta-

396 2244 520 2312 minati
538 2252 646 2334 atque
663 2245 881 2314 immaculati
900 2247 998 2338 regni
1020 2247 1265 2337 praedicatores
1282 2256 1443 2326 sacratos,

397 2366 434 2427 et
456 2366 542 2428 tunc
566 2361 745 2429 ¹universa
761 2368 922 2430 creatura
939 2360 1230 2441 commovebitur,
1249 2370 1286 2430 ot
1303 2371 1445 2429 contur-

396 2472 546 2556 babitur,
565 2474 774 2565 supplicans,
792 2484 899 2564 atque
917 2475 1112 2556 obsecrans,
1126 2498 1309 2566 usquequo
1327 2498 1405 2545 eam
1424 2498 1445 2545 a

397 2589 568 2658 servitute
586 2588 723 2659 liberet.
769 2588 977 2658 Humanum
997 2612 1079 2658 vero
1096 2613 1208 2682 genus
1225 2599 1364 2661 metuat
1382 2613 1443 2658 ne·

397 2723 493 2772 cesse
523 2712 586 2785 est,
616 2713 675 2773 ⁰et
706 2703 1005 2794 quamplurimum
1038 2704 1279 2786 conturbetur,
1310 2727 1373 2796 pro
1401 2727 1444 2773 eo

397 2818 489 2906 quod
508 2817 622 2888 multa
640 2818 770 2889 delicta
787 2819 1023 2900 commiserit3
1049 2818 1114 2888 soli
1134 2842 1215 2888 vero
1234 2820 1324 2910 justi
1349 2818 1444 2888 laeta-

396 2931 539 3013 buntur,
551 2941 781 3024 expectantes
794 2956 872 3023 quae
889 2933 956 3003 sibi
975 2936 1144 3024 promissa
1161 2944 1253 3016 sunt,
1267 2957 1333 3004 nec
1351 2934 1444 3004 ultra

397 3048 653 3117 mundanarum
682 3070 798 3116 rerum
833 3048 1030 3118 substantia
1063 3049 1293 3140 permanebit,
1325 3048 1444 3117 omnia

397 3160 633 3244 destruentur,
661 3164 735 3231 sive
762 3161 968 3254 prophetiae,
996 3164 1069 3232 sive
1097 3162 1223 3232 horum
1251 3163 1340 3245 libri,
1369 3165 1442 3232 sive

396 3274 523 3368 linguae
549 3277 659 3346 totius
681 3278 819 3370 generis
848 3278 1035 3347 cessabunt
1061 3301 1104 3347 eo
1130 3279 1224 3369 quod
1253 3278 1346 3348 ultra
1372 3300 1443 3346 non

397 3402 524 3483 egeant
541 3391 682 3461 solliciti
701 3414 776 3461 esse
799 3392 971 3474 homines,
989 3402 1026 3462 et
1044 3395 1199 3486 cogitare
1216 3395 1261 3462 de
1285 3395 1347 3475 his,
1366 3417 1443 3485 quae

396 3506 440 3575 ad
467 3507 575 3575 vitam
602 3509 797 3577 necessaria
822 3516 915 3594 sunt,
939 3508 1013 3578 sive
1036 3510 1184 3579 scientia
1206 3532 1442 3601 quorumcun-

396 3644 466 3711 que
484 3622 667 3691 doctorum
686 3624 794 3691 etiam
813 3622 888 3713 ipsa
905 3625 1126 3694 destruetur:
1154 3624 1242 3694 nilril
1263 3627 1356 3694 enim
1382 3624 1444 3693 ho-

396 3758 474 3804 rum
502 3735 646 3807 sufferre
675 3738 806 3828 poterit
834 3741 952 3832 magni
979 3740 1073 3810 illius
1103 3741 1211 3834 Regis
1238 3742 1441 3811 adventum.

397 3850 517 3921 ²Sicut
533 3854 628 3921 enim
646 3876 754 3945 parva
779 3854 933 3923 scintilla
956 3855 1000 3924 ad
1024 3856 1246 3947 splendorem
1275 3856 1357 3926 solis
1383 3856 1444 3925 ad-

436 4068 460 4098 m
481 4058 581 4115 Codex
602 4059 775 4126 Casinensis,
797 4061 862 4117 Nom
880 4062 964 4137 plane
983 4070 1054 4117 nota.
1097 4061 1156 4119 Sed
1174 4063 1293 4120 omissas
1315 4064 1351 4120 ab
1370 4063 1443 4120 osci-

395 4163 473 4211 tante
495 4155 608 4213 librario
628 4158 746 4215 lineolas
765 4160 871 4223 censui,
893 4177 956 4233 quar
977 4160 1121 4215 vocalibus
1138 4160 1322 4234 superpositae
1341 4179 1442 4217 conso·

395 4261 496 4308 nantes
517 4253 708 4328 designarent.
745 4255 823 4328 (For.
842 4255 871 4310 in
890 4255 1123 4311 antecedentibus
1144 4256 1367 4312 subaudiendum
1389 4265 1442 4322 est,

395 4348 521 4406 inducias
536 4351 645 4425 quaerit,
661 4361 810 4427 antequam
826 4353 974 4423 destruat.)

436 4456 450 4487 ¹¹
466 4447 510 4504 De
523 4447 567 4504 his
580 4448 637 4505 late
652 4458 716 4523 post
731 4449 940 4506 Gothofredum
954 4450 1120 4524 Ducaugius
1134 4451 1162 4506 iu
1179 4451 1333 4507 Glossario.

435 4556 450 4584 0
466 4542 500 4597 ln
514 4544 611 4601 codice
625 4544 782 4610 Catinensi,
797 4554 823 4601 et
842 4546 1042 4621 cumplurimum
1057 4547 1239 4604 conturbetur.

477 4645 484 4668 ¹
503 4640 582 4713 [For.
598 4641 679 4699 Sicut
694 4643 848 4700 enimcum
863 4644 963 4717 parva]
1073 4644 1182 4699 ‘Rom
1198 4643 1255 4699 viii.
1270 4660 1317 4708 21,
1333 4662 1379 4700 22.

439 4754 505 4797 voa.
524 4756 553 4798 v.
898 4759 917 4799 τ
