3817 5692
797 702 1106 766 DISPU'PATIO.
1410 699 1474 761 lae

427 881 485 961 ris,
504 879 711 947 mendacem
730 899 805 947 esse
823 877 942 947 dixisti
956 875 1093 946 Jesum.
1119 872 1343 944 Accusatus
1360 893 1476 954 nrum,

427 994 607 1064 Confitere
623 996 748 1085 primo,
766 995 849 1085 quia
866 1015 948 1062 uera
967 994 1012 1063 sit
1030 993 1119 1062 ratio
1138 1014 1270 1073 eorum,
1289 1013 1365 1081 quae
1383 1008 1477 1057 nunc

426 1111 650 1195 adduximus,
667 1120 705 1180 et
724 1119 809 1180 tunc
827 1109 1013 1179 ostendam
1030 1107 1095 1176 tibi
1113 1116 1250 1199 patrem
1268 1108 1355 1196 ejus.
1392 1103 1478 1171 Ms-

426 1246 497 1296 uns
511 1246 626 1307 mxu,
641 1225 679 1295 Si
698 1225 785 1294 mihi
803 1225 998 1295 ostenderis
1014 1233 1152 1316 patrem
1165 1224 1241 1313 ejus
1257 1222 1477 1301 mendacem,

426 1352 462 1412 et
483 1342 561 1411 Deo
588 1341 714 1411 horum
740 1340 828 1409 nihil
854 1342 1086 1432 adscripseris,
1105 1349 1192 1408 tunc
1208 1338 1274 1407 tibi
1298 1335 1343 1405 de
1364 1337 1478 1405 omui-

426 1458 492 1528 bus
509 1455 835 1527 accommodabitur
851 1455 950 1525 fides.
989 1452 1217 1524 Amunclus
1236 1472 1350 1533 nrxrr,
1369 1449 1478 1521 Omni

426 1572 562 1640 ratione
586 1572 631 1640 de
657 1569 809 1640 Diabolo
836 1569 1027 1662 diligenter
1053 1570 1224 1660 exposita,
1242 1576 1279 1635 et-
1300 1566 1477 1657 dispensa·

427 1687 524 1754 tione
555 1685 699 1777 prolata,
738 1686 830 1754 sicut
861 1685 1044 1753 honrinum
1076 1685 1172 1776 viget
1205 1704 1336 1761 sensus,
1368 1681 1476 1750 etiam

426 1801 520 1891 apud
547 1802 700 1892 seipsum
730 1809 849 1892 potest
877 1800 1066 1892 diligenter
1091 1799 1284 1881 advertere,
1305 1799 1384 1888 quis
1408 1797 1477 1867 iste

426 1918 483 2000 sit,
500 1919 559 2008 qui
578 1916 721 1986 Diaboli
739 1917 938 2009 appellatus
956 1926 1010 1986 eat
1029 1926 1139 2007 pater.
1191 1913 1263 1984 Sed
1281 1937 1361 1984 cum
1381 1922 1418 1983 te
1436 1923 1477 1983 tu

305 2112 310 2124 ¹
427 2030 642 2102 Paraclitum
668 2054 744 2102 esse
770 2032 876 2115 dieas,
897 2032 1089 2123 plurimum
1116 2031 1181 2100 tibi
1207 2032 1315 2099 etiam
1342 2029 1386 2098 ab
1412 2028 1477 2097 hu·

425 2170 530 2218 mana
564 2149 663 2218 deest
697 2149 895 2239 prudentia.
962 2148 1139 2231 Quoniam
1174 2170 1257 2240 ergo
1292 2145 1476 2237 prodidisti

425 2265 660 2357 ignorantiam
690 2273 802 2346 tuam,
833 2263 948 2333 dicam
979 2288 1046 2358 ego
1077 2264 1182 2356 cquid
1213 2262 1273 2331 ille
1303 2263 1349 2332 sit
1376 2270 1478 2354 pater

427 2375 582 2445 Diaboli.
634 2374 773 2445 Manus
796 2396 902 2446 nrxrr
919 2372 951 2446 ἃ.
971 2430 978 2446 .
999 2432 1007 2445 .
1026 2431 1034 2446 .
1053 2379 1153 2449 dico:
1180 2386 1217 2449 et
1239 2378 1379 2468 adjecit,
1401 2400 1477 2446 om-

425 2492 480 2561 nis
510 2492 569 2582 qui
602 2490 764 2561 conditor
794 2500 860 2575 est,
888 2493 944 2562 vel
974 2502 1114 2563 creator
1141 2493 1347 2584 aliquorum,
1375 2503 1477 2584 pater

426 2628 549 2676 eorum
568 2659 576 2674 .
596 2658 605 2674 .
625 2659 633 2675 .
654 2658 662 2673 .
680 2607 888 2689 condiderit,
906 2608 1115 2700 appellatur.
1168 2606 1395 2678 Ancnmsus
1419 2627 1476 2677 ol·

427 2742 500 2803 xrr,
514 2721 629 2790 Miror
641 2723 819 2813 quomodo
838 2722 963 2792 saltem
983 2723 1050 2792 hoc
1065 2732 1161 2793 recta
1178 2723 1314 2792 ratione
1333 2744 1475 2813 respon-

427 2839 527 2920 deris,
545 2861 610 2907 nec
628 2838 797 2908 celaveris
814 2838 984 2909 sermonis
1002 2837 1106 2929 hujus
1123 2836 1406 2930 intelligentiam,
1419 2836 1476 2906 vel

427 2964 598 3024 naturam.
651 2952 749 3024 Audi
777 2955 854 3045 jam
884 2976 930 3022 ex
960 2954 1039 3035 hoc,
1070 2954 1148 3045 quis
1180 2952 1226 3022 sit
1260 2962 1360 3044 pater
1389 2952 1475 3043 ejus.

427 3069 519 3141 Cum
537 3094 582 3139 ex
600 3070 765 3140 caelomm
783 3091 892 3162 regno
915 3070 1110 3150 cecidisset,
1129 3078 1205 3138 erat
1228 3091 1334 3159 super
1355 3077 1474 3147 terras,

426 3185 626 3267 intendens,
660 3194 698 3253 et
732 3183 913 3275 inquirens
947 3185 1005 3253 cui
1045 3206 1082 3253 se
1121 3191 1239 3275 posset
1272 3182 1474 3275 adjungere,

427 3322 533 3392 quern
561 3324 607 3370 ex
635 3299 811 3370 consortio
837 3300 889 3369 sui
916 3299 1124 3391 participem
1149 3322 1290 3390 quoque
1310 3298 1476 3390 nequitiae

426 3437 500 3484 suae
523 3399 656 3483 valeret
683 3412 832 3483 efficere.
884 3411 933 3481 Et
962 3414 1106 3503 quidem
1135 3412 1246 3482 donec
1272 3411 1379 3481 homo
1404 3433 1476 3478 nou

427 3538 512 3611 erat,
536 3550 653 3618 neque
680 3527 741 3596 ille
767 3526 1013 3619 appellabatur
1037 3527 1226 3612 homicida,
1252 3549 1368 3617 neque
1393 3546 1475 3595 cum

427 3757 459 3816 Si
473 3776 491 3814 a
504 3757 566 3813 Deo
581 3757 642 3813 sola
659 3765 829 3831 promanant
847 3756 931 3821 bona,
948 3756 1063 3831 ipseque
1084 3775 1193 3813 summe
1214 3756 1306 3813 bonus
1327 3764 1379 3821 eat,
1395 3772 1474 3811 men·

426 3853 525 3910 dacem
550 3861 663 3928 oportet
684 3854 770 3911 fuisse
791 3852 900 3916 Jesum,
923 3853 969 3927 qui
994 3853 1023 3907 in
1042 3852 1162 3909 loannis
1183 3851 1348 3927 Evangelio,
1363 3848 1476 3907 Diaboli

426 3959 536 4024 patrem
550 3969 608 4007 non
627 3950 713 4032 modo
731 3950 900 4007 mendacem
914 3968 987 4018 esse,
1002 3949 1053 4005 sed
1067 3958 1096 4006 et
1110 3949 1253 4005 mendacis
1267 3948 1383 4005 Diaboli
1396 3967 1474 4005 crea·

426 4055 519 4103 torem
533 4047 661 4104 extitisse
676 4047 752 4103 dicit
794 4047 872 4103 Hinc
890 4054 984 4102 autem
1007 4054 1086 4120 patet
1106 4064 1164 4101 non
1185 4045 1399 4120 improbandam
1413 4062 1476 4101 esse

426 4142 655 4200 emendationem
677 4152 814 4210 nostram,
831 4162 885 4218 qua
898 4143 1031 4217 legimus,
1046 4142 1081 4200 ss·
1099 4142 1191 4199 aDeo
1210 4142 1301 4208 bonas,
1315 4151 1345 4199 at
1364 4144 1474 4205 moeris,

426 4240 575 4296 mendacem
588 4260 646 4297 esse
658 4242 754 4298 dictati
763 4240 867 4299 Iesum.
892 4239 1005 4313 (Malim
1019 4258 1166 4314 reponere,
1176 4240 1210 4298 ss·
1223 4239 1309 4296 oDeo
1318 4238 1474 4310 Diabolm.)

467 4346 480 4378 ⁰
495 4336 590 4402 Forte,
605 4338 665 4414 qais
679 4338 727 4394 ille
738 4340 785 4395 eit.

467 4430 618 4492 dLacunae
643 4435 704 4493 istae
728 4435 811 4493 facile
833 4434 943 4509 impleri
968 4453 1052 4509 posse
1067 4434 1207 4499 videntur,
1228 4433 1252 4489 si
1275 4433 1314 4489 ita
1335 4432 1474 4506 legamus.

426 4530 526 4588 Manes
548 4531 627 4597 dicit,
642 4531 707 4589 Jom
730 4532 807 4588 dico:
830 4539 856 4587 et
881 4532 990 4605 arlj‘ecit,
1013 4532 1107 4597 omnis,
1124 4537 1170 4595 ac.
1190 4538 1274 4605 pater
1295 4547 1396 4592 eorum,
1419 4546 1476 4606 quc

426 4628 586 4694 condiderit,
601 4628 765 4704 appellatur.

924 4744 944 4785 R
961 4742 978 4788 2
