3817 5692
506 707 570 769 134
728 707 982 771 ARCHELAI
1012 709 1076 771 ΕΤ
1109 707 1329 772 MANETIS

504 882 626 963 cimus,
644 889 682 950 et
699 882 799 975 signa
816 890 853 951 et
870 881 1031 975 prodigia
1047 881 1211 964 facturos,
1231 881 1298 951 'ita
1323 892 1370 963 at,
1386 881 1419 950 si
1438 882 1552 975 poeai-

502 995 569 1067 bile
584 995 643 1082 eit,
660 996 763 1067 etiam
780 995 875 1067 electi
890 996 1107 1068 seducantur.
1160 996 1250 1080 Quis
1266 1020 1350 1089 ergo
1367 1018 1405 1067 es
1422 1007 1473 1076 tu,
1491 998 1551 1088 qui

503 1135 620 1203 neque
637 1113 889 1183 'necessarium
906 1112 1061 1205 aliquem
1079 1112 1197 1182 locum
1211 1113 1356 1182 sortitus
1368 1135 1406 1182 es
1419 1135 1441 1182 a
1452 1122 1553 1205 patre

503 1236 568 1298 tuo
582 1226 739 1299 Satanal
768 1227 864 1299 Nam
879 1251 987 1319 quem
1000 1239 1181 1298 mortuum
1197 1228 1353 1309 suscitas,
1367 1227 1462 1317 quod
1475 1250 1554 1319 pro·

504 1342 652 1412 fluvium
670 1343 849 1435 sanguinis
865 1343 972 1423 sistis,
991 1338 1093 1435 ‘quos
1113 1341 1191 1412 luto
1208 1343 1289 1412 caeci
1309 1341 1430 1412 oculos
1447 1341 1553 1411 illini·

505 1468 561 1531 tos
578 1459 697 1529 videre
723 1458 833 1529 facis?
860 1458 1012 1542 Quando
1029 1460 1241 1529 esurientem
1266 1457 1408 1527 turbam
1433 1457 1553 1549 paucis

504 1575 654 1668 panibus
670 1573 808 1644 reficis?
834 1572 908 1644 Ubi
925 1597 1031 1667 super
1047 1596 1156 1666 aquas
1179 1574 1323 1656 incedis,
1338 1583 1402 1643 aut
1420 1574 1498 1664 quis
1515 1583 1552 1643 te

505 1691 595 1760 vidit
611 1711 656 1759 ex
675 1688 742 1775 his,
758 1690 820 1780 qui
837 1690 874 1758 in
893 1687 1117 1760 Hierusalem
1136 1687 1321 1759 habitant?
1349 1686 1457 1758 Persa
1475 1689 1550 1759 bar-

505 1807 602 1891 bare,
625 1828 696 1874 non
717 1803 922 1874 Graecorum
949 1803 1090 1898 linguae,
1113 1827 1183 1873 non
1206 1803 1465 1898 AEgyptiorum,
1483 1826 1552 1873 non

506 1923 760 2005 Romanorum,
787 1944 858 1991 non
893 1919 1000 1991 ullius
1029 1919 1175 1991 alterius
1206 1919 1339 2013 linguas
1369 1920 1552 1990 seientiam

504 2037 636 2109 habere
652 2036 821 2129 potuisti;
844 2038 930 2107 seed
947 2033 1199 2107 Chaldaeorum
1217 2036 1341 2118 solum,
1359 2059 1437 2127 quse
1453 2059 1499 2106 ne
1515 2038 1551 2105 in

505 2175 692 2224 numemm
720 2153 865 2243 quidem
894 2152 1050 2243 aliquem
1077 2153 1240 2232 ducitur;
1276 2150 1414 2222 nullum
1443 2151 1552 2221 alium

505 2269 710 2361 loquentem
736 2268 858 2337 audire
883 2279 996 2360 potes
1049 2266 1135 2337 Non
1154 2267 1205 2337 ita
1222 2266 1375 2360 Spiritus
1392 2266 1553 2348 Sanctus,

505 2384 598 2456 absit
619 2385 688 2455 hoc
714 2383 857 2467 malum,
875 2385 937 2455 sed
965 2383 1128 2454 omnibus
1145 2383 1282 2467 dividit,
1300 2393 1337 2453 et
1354 2384 1472 2453 omnia
1488 2383 1554 2452 lin·

504 2523 655 2595 guarum
677 2522 809 2593 genera
824 2501 935 2581 novit,
953 2509 991 2569 et
1011 2500 1171 2593 agnoscit
1193 2500 1367 2581 universa,
1385 2508 1424 2570 et
1439 2500 1553 2569 omni-

505 2619 572 2689 bus
589 2617 708 2687 omnia
724 2615 887 2698 efficitur,
905 2617 957 2687 ita
973 2627 1016 2686 ut
1032 2638 1115 2685 eum
1133 2616 1242 2687 etiam
1265 2615 1379 2686 cordis
1398 2615 1553 2708 cogitata

505 2758 576 2805 non
594 2734 739 2804 lateant.
766 2733 862 2816 Quid
880 2734 975 2803 enim
994 2734 1081 2803 dicit
1098 2731 1304 2824 Scriptura?
1330 2732 1432 2822 ³quia
1448 2754 1554 2801 unus-

505 2852 655 2943 quisque
680 2851 820 2942 propria
835 2872 900 2919 sua
917 2848 1038 2943 lingua
1055 2847 1223 2919 audiebat
1248 2870 1312 2939 per
1336 2846 1551 2918 Paraolitum

506 2967 677 3058 Spiritum
717 2966 902 3058 loquentes
937 2963 1139 3057 apostolos?
1176 2962 1249 3034 Sed
1283 2963 1368 3056 quid
1402 2961 1553 3055 amphus

506 3080 679 3153 hdicabo?
708 3081 824 3153 Barba
842 3082 1014 3152 Sacerdos
1033 3079 1189 3163 Mithrae,
1207 3090 1245 3151 et
1263 3079 1423 3159 collusor,
1442 3078 1551 3149 solem

506 3210 646 3270 tantum
664 3199 759 3270 coles
778 3198 951 3268 Mithram
970 3193 1141 3267 ¹locorum
1167 3197 1396 3289 mysticorum
1422 3194 1535 3264 illumi

547 3381 604 3440 fin
619 3382 777 3447 Casineusi,
791 3382 870 3446 Quod
881 3382 949 3438 luto.

546 3492 562 3534 Ε
577 3478 775 3535 Chaldaeorum
791 3477 928 3551 siqnidem
942 3477 1070 3553 lingum
1085 3479 1210 3556 Syriaca
1224 3478 1375 3536 dialectum
1390 3496 1452 3534 esse
1465 3474 1552 3533 tradit

504 3574 706 3650 Abulfaragius
717 3574 746 3631 in
761 3573 891 3631 Historia
904 3575 1106 3651 Dynastiarum
1121 3595 1187 3651 pag.
1202 3594 1245 3633 ιι.

544 3670 560 3714 ¹²
582 3672 628 3728 lta
640 3672 670 3728 in
684 3671 783 3729 codice
797 3671 956 3738 Casinensi,
972 3675 1048 3748 quod
1068 3684 1165 3732 tamen
1179 3674 1309 3731 nonnulli
1321 3673 1441 3730 sortasse
1455 3688 1551 3727 emen·

502 3770 627 3826 dandum
642 3779 774 3843 putarent
787 3770 843 3826 hoc
857 3779 951 3845 pacto,
970 3771 1043 3835 Quid
1057 3773 1175 3848 ampliss
1188 3772 1305 3828 denam
1324 3770 1457 3828 Barbare.
1494 3764 1553 3823 Sed

501 3867 563 3922 fieri
577 3875 681 3939 potest,
696 3875 729 3922 ut
742 3868 830 3923 verbo
846 3868 939 3924 dione
960 3887 1027 3925 usus
1048 3870 1085 3926 sit
1103 3869 1181 3926 rudis
1202 3869 1342 3943 interpres
1362 3873 1414 3943 pro'
1433 3874 1550 3922 conten-

502 3963 578 4028 dere,
594 3962 684 4020 dicam
700 3964 822 4029 trahere,
836 3964 881 4021 vel
903 3964 1030 4023 dicacem
1050 3985 1122 4023 esse.
1153 3966 1237 4038 (Fere
1258 3965 1339 4021 initio
1352 3964 1401 4030 ait,
1417 3961 1552 4023 Barbare,

501 4060 678 4131 Archelaus.)

543 4154 551 4197 ¹
575 4158 647 4226 Quae
672 4168 828 4232 sequamur
854 4160 961 4216 nostris
983 4160 1155 4236 conjecturis
1181 4158 1413 4221 emendavimus3
1438 4173 1504 4211 nam
1523 4153 1553 4208 in

502 4254 649 4311 casinensi
663 4255 760 4311 codice
774 4256 821 4313 hic
835 4259 906 4314 mire
922 4269 1057 4334 corrupto
1071 4260 1214 4325 scribitur,
1229 4260 1349 4317 locam
1362 4258 1552 4335 mysteriorum

500 4351 718 4409 illuminatorem,
759 4352 843 4423 Mox,
857 4356 930 4431 opud
949 4376 995 4413 eoa
1015 4358 1096 4414 ludis.
1139 4357 1178 4414 Et
1195 4357 1278 4422 infra,
1292 4356 1447 4414 miae?
1465 4356 1552 4411 usci-

500 4457 562 4505 tuns
576 4451 723 4506 mortuos?
737 4471 808 4526 pene
821 4471 904 4528 seque
916 4454 954 4510 ad
968 4453 1115 4528 qeltemn
1128 4474 1218 4511 amaea
1234 4472 1409 4531 persequens,
1424 4453 1470 4528 qai
1484 4452 1510 4507 si
1524 4459 1554 4507 at

501 4544 683 4621 obtemperare
703 4549 829 4614 soluerit,
846 4551 983 4625 plurimos
1003 4552 1143 4609 deterre„
1163 4553 1330 4627 orropaatiae
1350 4559 1431 4607 metu.
1475 4547 1556 4613 0⁸⁰6

543 4646 550 4669 ¹
566 4641 651 4699 Matt.
667 4644 745 4699 xxiv.
760 4661 808 4716 ²4·
956 4651 965 4676 ⁸
982 4646 1061 4721 [For.
1076 4652 1229 4706 mancii.
1252 4649 1327 4707 Vide
1341 4645 1509 4724 superiora]

936 4748 945 4778 ⁸
961 4745 1025 4801 Act.
1041 4744 1070 4801 ii.
1084 4746 1113 4800 6.
