<?xml version="1.0" encoding="UTF-8"?>
<!DOCTYPE html PUBLIC "-//W3C//DTD XHTML 1.0 Transitional//EN"
    "http://www.w3.org/TR/xhtml1/DTD/xhtml1-transitional.dtd">
<html xmlns="http://www.w3.org/1999/xhtml" xml:lang="en" lang="en">
 <head>
  <title>
</title>
<meta http-equiv="Content-Type" content="text/html;charset=utf-8" />
  <meta name='ocr-system' content='tesseract 3.04.00' />
  <meta name='ocr-capabilities' content='ocr_page ocr_carea ocr_par ocr_line ocrx_word'/>
</head>
<body>
  <div class='ocr_page' id='page_1' title='image "./reliquiaesacrae02routgoog_0263.png"; bbox 0 0 3817 5692; ppageno 0'>
   <div class='ocr_carea' id='block_1_1' title="bbox 591 714 1418 779">
    <p class='ocr_par' dir='ltr' id='par_1_1' title="bbox 591 714 1418 779">
     <span class='ocr_line' id='line_1_1' title="bbox 591 714 1418 779; baseline 0 -1"><span class='ocrx_word' id='word_1_1' title='bbox 591 715 832 779; x_wconf 84' lang='lat' dir='ltr'>RESPONSA</span> <span class='ocrx_word' id='word_1_2' title='bbox 858 715 926 777; x_wconf 88' lang='grc' dir='ltr'>ΑΙ)</span> <span class='ocrx_word' id='word_1_3' title='bbox 949 714 1213 777; x_wconf 89' lang='lat' dir='ltr'><strong>EPISCOPOS.</strong></span> <span class='ocrx_word' id='word_1_4' title='bbox 1355 714 1418 778; x_wconf 72' lang='lat'>249</span> 
     </span>
    </p>
   </div>
   <div class='ocr_carea' id='block_1_2' title="bbox 375 886 1644 2782">
    <p class='ocr_par' dir='ltr' id='par_1_2' title="bbox 375 886 1418 976">
     <span class='ocr_line' id='line_1_2' title="bbox 375 886 1418 976; baseline -0.004 -20"><span class='ocrx_word' id='word_1_5' title='bbox 375 896 536 958; x_wconf 89' lang='lat' dir='ltr'>mentum</span> <span class='ocrx_word' id='word_1_6' title='bbox 555 908 624 956; x_wconf 94' lang='lat' dir='ltr'>non</span> <span class='ocrx_word' id='word_1_7' title='bbox 642 886 756 957; x_wconf 90' lang='lat' dir='ltr'>solum</span> <span class='ocrx_word' id='word_1_8' title='bbox 774 888 831 968; x_wconf 87' lang='lat' dir='ltr'>sit,</span> <span class='ocrx_word' id='word_1_9' title='bbox 842 887 902 956; x_wconf 91' lang='lat' dir='ltr'>sed</span> <span class='ocrx_word' id='word_1_10' title='bbox 916 888 1024 956; x_wconf 88' lang='lat' dir='ltr'>etiarn</span> <span class='ocrx_word' id='word_1_11' title='bbox 1042 909 1111 955; x_wconf 91' lang='lat' dir='ltr'>non</span> <span class='ocrx_word' id='word_1_12' title='bbox 1130 888 1176 955; x_wconf 93' lang='lat' dir='ltr'>sit</span> <span class='ocrx_word' id='word_1_13' title='bbox 1194 886 1301 976; x_wconf 74' lang='lat' dir='ltr'>pejus,</span> <span class='ocrx_word' id='word_1_14' title='bbox 1313 906 1418 975; x_wconf 89' lang='lat' dir='ltr'>quarn</span> 
     </span>
    </p>

    <p class='ocr_par' dir='ltr' id='par_1_3' title="bbox 375 1000 1419 1091">
     <span class='ocr_line' id='line_1_3' title="bbox 375 1000 1419 1091; baseline -0.005 -20"><span class='ocrx_word' id='word_1_15' title='bbox 375 1004 412 1071; x_wconf 92' lang='lat' dir='ltr'>in</span> <span class='ocrx_word' id='word_1_16' title='bbox 432 1001 576 1071; x_wconf 91' lang='lat' dir='ltr'>homine</span> <span class='ocrx_word' id='word_1_17' title='bbox 598 1010 719 1071; x_wconf 88' lang='lat' dir='ltr'>sancto</span> <span class='ocrx_word' id='word_1_18' title='bbox 742 1012 779 1070; x_wconf 89' lang='lat' dir='ltr'>et</span> <span class='ocrx_word' id='word_1_19' title='bbox 797 1003 908 1091; x_wconf 90' lang='lat' dir='ltr'>justo.</span> <span class='ocrx_word' id='word_1_20' title='bbox 961 1000 1009 1070; x_wconf 84' lang='lat' dir='ltr'>Et</span> <span class='ocrx_word' id='word_1_21' title='bbox 1029 1003 1057 1070; x_wconf 91' lang='lat' dir='ltr'>si</span> <span class='ocrx_word' id='word_1_22' title='bbox 1081 1002 1174 1071; x_wconf 89' lang='lat' dir='ltr'>enirn</span> <span class='ocrx_word' id='word_1_23' title='bbox 1193 1009 1363 1090; x_wconf 87' lang='lat' dir='ltr'>quantum</span> <span class='ocrx_word' id='word_1_24' title='bbox 1382 1000 1419 1067; x_wconf 93' lang='lat' dir='ltr'>in</span> 
     </span>
    </p>

    <p class='ocr_par' dir='ltr' id='par_1_4' title="bbox 375 1114 1422 1320">
     <span class='ocr_line' id='line_1_4' title="bbox 375 1114 1419 1208; baseline -0.003 -24"><span class='ocrx_word' id='word_1_25' title='bbox 375 1116 437 1185; x_wconf 90' lang='lat' dir='ltr'>illo</span> <span class='ocrx_word' id='word_1_26' title='bbox 462 1116 606 1185; x_wconf 88' lang='lat' dir='ltr'>homine</span> <span class='ocrx_word' id='word_1_27' title='bbox 631 1126 789 1196; x_wconf 75' lang='lat' dir='ltr'>estnon</span> <span class='ocrx_word' id='word_1_28' title='bbox 816 1117 930 1208; x_wconf 90' lang='lat' dir='ltr'>ipsum</span> <span class='ocrx_word' id='word_1_29' title='bbox 962 1116 1123 1197; x_wconf 84' lang='lat' dir='ltr'>servavit,</span> <span class='ocrx_word' id='word_1_30' title='bbox 1150 1114 1211 1184; x_wconf 89' lang='lat' dir='ltr'>sed</span> <span class='ocrx_word' id='word_1_31' title='bbox 1237 1115 1355 1183; x_wconf 91' lang='lat' dir='ltr'>animo</span> <span class='ocrx_word' id='word_1_32' title='bbox 1382 1122 1419 1183; x_wconf 91' lang='lat' dir='ltr'>et</span> 
     </span>
     <span class='ocr_line' id='line_1_5' title="bbox 378 1229 1422 1320; baseline 0.002 -25"><span class='ocrx_word' id='word_1_33' title='bbox 378 1230 560 1300; x_wconf 91' lang='lat' dir='ltr'>voluntate</span> <span class='ocrx_word' id='word_1_34' title='bbox 587 1229 752 1311; x_wconf 86' lang='lat' dir='ltr'>violavit;</span> <span class='ocrx_word' id='word_1_35' title='bbox 779 1239 899 1300; x_wconf 92' lang='lat' dir='ltr'>tamen</span> <span class='ocrx_word' id='word_1_36' title='bbox 925 1238 1098 1320; x_wconf 90' lang='lat' dir='ltr'>quantum</span> <span class='ocrx_word' id='word_1_37' title='bbox 1123 1229 1167 1297; x_wconf 96' lang='lat' dir='ltr'>ad</span> <span class='ocrx_word' id='word_1_38' title='bbox 1196 1229 1310 1320; x_wconf 91' lang='lat' dir='ltr'>ipsum</span> <span class='ocrx_word' id='word_1_39' title='bbox 1339 1229 1422 1297; x_wconf 91' lang='lat' dir='ltr'>atti-</span> 
     </span>
    </p>

    <p class='ocr_par' dir='ltr' id='par_1_5' title="bbox 376 1340 1421 1431">
     <span class='ocr_line' id='line_1_6' title="bbox 376 1340 1421 1431; baseline -0.002 -20"><span class='ocrx_word' id='word_1_40' title='bbox 376 1353 437 1413; x_wconf 88' lang='lat' dir='ltr'>net</span> <span class='ocrx_word' id='word_1_41' title='bbox 455 1353 726 1425; x_wconf 87' lang='lat' dir='ltr'>sacramentum,</span> <span class='ocrx_word' id='word_1_42' title='bbox 744 1352 780 1412; x_wconf 93' lang='lat' dir='ltr'>et</span> <span class='ocrx_word' id='word_1_43' title='bbox 799 1366 881 1413; x_wconf 90' lang='lat' dir='ltr'>cum</span> <span class='ocrx_word' id='word_1_44' title='bbox 899 1350 1119 1411; x_wconf 89' lang='lat' dir='ltr'>contemtore</span> <span class='ocrx_word' id='word_1_45' title='bbox 1140 1348 1176 1408; x_wconf 93' lang='lat' dir='ltr'>et</span> <span class='ocrx_word' id='word_1_46' title='bbox 1197 1340 1421 1431; x_wconf 80' lang='lat' dir='ltr'>repudiatore</span> 
     </span>
    </p>

    <p class='ocr_par' dir='ltr' id='par_1_6' title="bbox 376 1453 1422 1663">
     <span class='ocr_line' id='line_1_7' title="bbox 376 1453 1422 1549; baseline -0.003 -24"><span class='ocrx_word' id='word_1_47' title='bbox 376 1480 439 1527; x_wconf 91' lang='lat' dir='ltr'>suo</span> <span class='ocrx_word' id='word_1_48' title='bbox 458 1458 633 1549; x_wconf 87' lang='lat' dir='ltr'>integrum</span> <span class='ocrx_word' id='word_1_49' title='bbox 651 1457 931 1546; x_wconf 89' lang='lat' dir='ltr'>inviolatumque</span> <span class='ocrx_word' id='word_1_50' title='bbox 951 1455 1154 1547; x_wconf 82' lang='lat' dir='ltr'><strong>permansit.</strong></span> <span class='ocrx_word' id='word_1_51' title='bbox 1209 1453 1339 1522; x_wconf 86' lang='lat' dir='ltr'>Nonne</span> <span class='ocrx_word' id='word_1_52' title='bbox 1357 1453 1422 1523; x_wconf 90' lang='lat' dir='ltr'>So-</span> 
     </span>
     <span class='ocr_line' id='line_1_8' title="bbox 378 1567 1421 1663; baseline -0.002 -24"><span class='ocrx_word' id='word_1_53' title='bbox 378 1571 519 1640; x_wconf 86' lang='lat' dir='ltr'>domitae</span> <span class='ocrx_word' id='word_1_54' title='bbox 536 1570 668 1639; x_wconf 85' lang='lat' dir='ltr'>ethnici</span> <span class='ocrx_word' id='word_1_55' title='bbox 686 1581 796 1652; x_wconf 90' lang='lat' dir='ltr'>erant,</span> <span class='ocrx_word' id='word_1_56' title='bbox 815 1570 851 1639; x_wconf 93' lang='lat' dir='ltr'>id</span> <span class='ocrx_word' id='word_1_57' title='bbox 875 1579 939 1651; x_wconf 89' lang='lat' dir='ltr'>est,</span> <span class='ocrx_word' id='word_1_58' title='bbox 956 1568 1131 1662; x_wconf 73' lang='lat' dir='ltr'>gentiles?</span> <span class='ocrx_word' id='word_1_59' title='bbox 1176 1567 1317 1659; x_wconf 88' lang='lat' dir='ltr'>Pejores</span> <span class='ocrx_word' id='word_1_60' title='bbox 1335 1592 1421 1663; x_wconf 88' lang='lat' dir='ltr'>ergo</span> 
     </span>
    </p>

    <p class='ocr_par' dir='ltr' id='par_1_7' title="bbox 377 1681 1577 2232">
     <span class='ocr_line' id='line_1_9' title="bbox 377 1681 1566 1774; baseline -0.002 -21"><span class='ocrx_word' id='word_1_61' title='bbox 377 1695 478 1753; x_wconf 89' lang='lat' dir='ltr'>erant</span> <span class='ocrx_word' id='word_1_62' title='bbox 493 1683 518 1752; x_wconf 87' lang='lat' dir='ltr'>J</span> <span class='ocrx_word' id='word_1_63' title='bbox 520 1683 618 1764; x_wconf 86' lang='lat' dir='ltr'>udaei,</span> <span class='ocrx_word' id='word_1_64' title='bbox 637 1683 764 1774; x_wconf 92' lang='lat' dir='ltr'>quibus</span> <span class='ocrx_word' id='word_1_65' title='bbox 782 1684 956 1753; x_wconf 89' lang='lat' dir='ltr'>Dominus</span> <span class='ocrx_word' id='word_1_66' title='bbox 981 1684 1076 1764; x_wconf 93' lang='lat' dir='ltr'>dicit,</span> <span class='ocrx_word' id='word_1_67' title='bbox 1098 1681 1328 1752; x_wconf 81' lang='lat' dir='ltr'>Tolerabilius</span> <span class='ocrx_word' id='word_1_68' title='bbox 1354 1683 1421 1751; x_wconf 90' lang='lat' dir='ltr'>erit</span> <span class='ocrx_word' id='word_1_69' title='bbox 1431 1694 1519 1744; x_wconf 77' lang='lat' dir='ltr'>Maah-</span> <span class='ocrx_word' id='word_1_70' title='bbox 1532 1696 1566 1743; x_wconf 74' lang='lat' dir='ltr'>xt-</span> 
     </span>
     <span class='ocr_line' id='line_1_10' title="bbox 377 1771 1469 1889; baseline -0.004 -22"><span class='ocrx_word' id='word_1_71' title='bbox 377 1797 539 1868; x_wconf 86' lang='lat' dir='ltr'>Sodomis</span> <span class='ocrx_word' id='word_1_72' title='bbox 560 1800 598 1868; x_wconf 91' lang='lat' dir='ltr'>in</span> <span class='ocrx_word' id='word_1_73' title='bbox 619 1799 677 1867; x_wconf 91' lang='lat' dir='ltr'>die</span> <span class='ocrx_word' id='word_1_74' title='bbox 692 1798 818 1889; x_wconf 91' lang='lat' dir='ltr'>judicii</span> <span class='ocrx_word' id='word_1_75' title='bbox 836 1820 940 1889; x_wconf 91' lang='lat' dir='ltr'>quam</span> <span class='ocrx_word' id='word_1_76' title='bbox 961 1798 1070 1867; x_wconf 90' lang='lat' dir='ltr'>vobis.</span> <span class='ocrx_word' id='word_1_77' title='bbox 1124 1797 1171 1865; x_wconf 86' lang='lat' dir='ltr'>Et</span> <span class='ocrx_word' id='word_1_78' title='bbox 1189 1796 1316 1887; x_wconf 92' lang='lat' dir='ltr'>quibus</span> <span class='ocrx_word' id='word_1_79' title='bbox 1335 1796 1422 1864; x_wconf 90' lang='lat' dir='ltr'>Pro·</span> <span class='ocrx_word' id='word_1_80' title='bbox 1430 1771 1469 1819; x_wconf 76' lang='lat'>²4</span> 
     </span>
     <span class='ocr_line' id='line_1_11' title="bbox 377 1910 1577 2002; baseline -0.002 -22"><span class='ocrx_word' id='word_1_81' title='bbox 377 1910 487 2002; x_wconf 88' lang='lat' dir='ltr'>pheta</span> <span class='ocrx_word' id='word_1_82' title='bbox 508 1913 604 1995; x_wconf 86' lang='lat' dir='ltr'>dicit,</span> <span class='ocrx_word' id='word_1_83' title='bbox 621 1912 645 1981; x_wconf 87' lang='lat' dir='ltr'>J</span> <span class='ocrx_word' id='word_1_84' title='bbox 648 1914 847 1984; x_wconf 86' lang='lat' dir='ltr'>ustificastis</span> <span class='ocrx_word' id='word_1_85' title='bbox 864 1911 1067 1994; x_wconf 82' lang='lat' dir='ltr'>Sodomam,</span> <span class='ocrx_word' id='word_1_86' title='bbox 1085 1912 1120 1981; x_wconf 91' lang='lat' dir='ltr'>id</span> <span class='ocrx_word' id='word_1_87' title='bbox 1146 1921 1211 1993; x_wconf 92' lang='lat' dir='ltr'>est,</span> <span class='ocrx_word' id='word_1_88' title='bbox 1229 1911 1265 1980; x_wconf 88' lang='lat' dir='ltr'>iu</span> <span class='ocrx_word' id='word_1_89' title='bbox 1282 1932 1424 2001; x_wconf 88' lang='lat' dir='ltr'>compa·</span> <span class='ocrx_word' id='word_1_90' title='bbox 1432 1931 1577 1981; x_wconf 65' lang='lat' dir='ltr'>annus</span> 
     </span>
     <span class='ocr_line' id='line_1_12' title="bbox 378 2009 1471 2118; baseline -0.001 -23"><span class='ocrx_word' id='word_1_91' title='bbox 378 2027 513 2096; x_wconf 92' lang='lat' dir='ltr'>ratione</span> <span class='ocrx_word' id='word_1_92' title='bbox 542 2037 658 2097; x_wconf 89' lang='lat' dir='ltr'>vestra</span> <span class='ocrx_word' id='word_1_93' title='bbox 688 2027 843 2097; x_wconf 83' lang='lat' dir='ltr'>Sodoma</span> <span class='ocrx_word' id='word_1_94' title='bbox 866 2026 966 2118; x_wconf 90' lang='lat' dir='ltr'>justa</span> <span class='ocrx_word' id='word_1_95' title='bbox 993 2026 1087 2096; x_wconf 88' lang='lat' dir='ltr'>facta</span> <span class='ocrx_word' id='word_1_96' title='bbox 1116 2036 1180 2096; x_wconf 91' lang='lat' dir='ltr'>est.</span> <span class='ocrx_word' id='word_1_97' title='bbox 1238 2009 1471 2116; x_wconf 85' lang='lat' dir='ltr'>Numquid⁵¹&#39;</span> 
     </span>
     <span class='ocr_line' id='line_1_13' title="bbox 378 2136 1424 2232; baseline 0 -25"><span class='ocrx_word' id='word_1_98' title='bbox 378 2148 497 2208; x_wconf 90' lang='lat' dir='ltr'>tamen</span> <span class='ocrx_word' id='word_1_99' title='bbox 528 2140 609 2211; x_wconf 89' lang='lat' dir='ltr'>ideo</span> <span class='ocrx_word' id='word_1_100' title='bbox 644 2149 861 2210; x_wconf 88' lang='lat' dir='ltr'>sacramenta</span> <span class='ocrx_word' id='word_1_101' title='bbox 891 2141 1011 2210; x_wconf 90' lang='lat' dir='ltr'>divina</span> <span class='ocrx_word' id='word_1_102' title='bbox 1044 2163 1122 2232; x_wconf 87' lang='lat' dir='ltr'>quae</span> <span class='ocrx_word' id='word_1_103' title='bbox 1155 2140 1248 2232; x_wconf 94' lang='lat' dir='ltr'>apud</span> <span class='ocrx_word' id='word_1_104' title='bbox 1276 2136 1424 2208; x_wconf 88' lang='lat' dir='ltr'>Judaeos</span> 
     </span>
    </p>

    <p class='ocr_par' dir='ltr' id='par_1_8' title="bbox 377 2252 1644 2782">
     <span class='ocr_line' id='line_1_14' title="bbox 377 2252 1563 2347; baseline -0.003 -25"><span class='ocrx_word' id='word_1_105' title='bbox 377 2264 489 2335; x_wconf 89' lang='lat' dir='ltr'>erant,</span> <span class='ocrx_word' id='word_1_106' title='bbox 516 2255 601 2325; x_wconf 92' lang='lat' dir='ltr'>talia</span> <span class='ocrx_word' id='word_1_107' title='bbox 628 2265 728 2325; x_wconf 91' lang='lat' dir='ltr'>eraut</span> <span class='ocrx_word' id='word_1_108' title='bbox 756 2255 877 2347; x_wconf 91' lang='lat' dir='ltr'>quales</span> <span class='ocrx_word' id='word_1_109' title='bbox 903 2256 970 2346; x_wconf 90' lang='lat' dir='ltr'>ipsi</span> <span class='ocrx_word' id='word_1_110' title='bbox 998 2262 1118 2337; x_wconf 85' lang='lat' dir='ltr'>erant3</span> <span class='ocrx_word' id='word_1_111' title='bbox 1144 2277 1226 2345; x_wconf 88' lang='lat' dir='ltr'>quae</span> <span class='ocrx_word' id='word_1_112' title='bbox 1250 2252 1425 2321; x_wconf 86' lang='lat' dir='ltr'>Dominus</span> <span class='ocrx_word' id='word_1_113' title='bbox 1434 2273 1495 2322; x_wconf 75' lang='lat' dir='ltr'>me.</span> <span class='ocrx_word' id='word_1_114' title='bbox 1504 2272 1563 2320; x_wconf 70' lang='lat' dir='ltr'>nn.</span> 
     </span>
     <span class='ocr_line' id='line_1_15' title="bbox 379 2353 1473 2461; baseline 0.001 -25"><span class='ocrx_word' id='word_1_115' title='bbox 379 2369 453 2457; x_wconf 90' lang='lat' dir='ltr'>ipse</span> <span class='ocrx_word' id='word_1_116' title='bbox 480 2392 620 2460; x_wconf 89' lang='lat' dir='ltr'>quoque</span> <span class='ocrx_word' id='word_1_117' title='bbox 647 2372 810 2461; x_wconf 76' lang='lat' dir='ltr'>suscepit</span> <span class='ocrx_word' id='word_1_118' title='bbox 833 2379 870 2438; x_wconf 91' lang='lat' dir='ltr'>et</span> <span class='ocrx_word' id='word_1_119' title='bbox 896 2369 940 2439; x_wconf 94' lang='lat' dir='ltr'>ad</span> <span class='ocrx_word' id='word_1_120' title='bbox 967 2392 1010 2438; x_wconf 87' lang='lat' dir='ltr'>ea</span> <span class='ocrx_word' id='word_1_121' title='bbox 1034 2367 1245 2438; x_wconf 90' lang='lat' dir='ltr'>celebranda</span> <span class='ocrx_word' id='word_1_122' title='bbox 1271 2368 1425 2459; x_wconf 88' lang='lat' dir='ltr'>leprosos</span> <span class='ocrx_word' id='word_1_123' title='bbox 1435 2353 1473 2399; x_wconf 74' lang='lat'>¹⁴⁸</span> 
     </span>
     <span class='ocr_line' id='line_1_16' title="bbox 379 2482 1572 2573; baseline 0 -24"><span class='ocrx_word' id='word_1_124' title='bbox 379 2504 467 2573; x_wconf 87' lang='lat' dir='ltr'>quos</span> <span class='ocrx_word' id='word_1_125' title='bbox 493 2483 723 2553; x_wconf 91' lang='lat' dir='ltr'>mundaverat</span> <span class='ocrx_word' id='word_1_126' title='bbox 745 2485 851 2564; x_wconf 90' lang='lat' dir='ltr'>misit,</span> <span class='ocrx_word' id='word_1_127' title='bbox 876 2494 912 2553; x_wconf 90' lang='lat' dir='ltr'>et</span> <span class='ocrx_word' id='word_1_128' title='bbox 939 2505 982 2552; x_wconf 90' lang='lat' dir='ltr'>ea</span> <span class='ocrx_word' id='word_1_129' title='bbox 1003 2482 1186 2553; x_wconf 88' lang='lat' dir='ltr'>Zachariae</span> <span class='ocrx_word' id='word_1_130' title='bbox 1211 2483 1425 2552; x_wconf 89' lang='lat' dir='ltr'>ministranti</span> <span class='ocrx_word' id='word_1_131' title='bbox 1435 2502 1496 2551; x_wconf 75' lang='lat' dir='ltr'>nuc.</span> <span class='ocrx_word' id='word_1_132' title='bbox 1508 2501 1572 2551; x_wconf 76' lang='lat' dir='ltr'>sn.</span> 
     </span>
     <span class='ocr_line' id='line_1_17' title="bbox 379 2580 1644 2689; baseline 0.001 -24"><span class='ocrx_word' id='word_1_133' title='bbox 379 2594 526 2687; x_wconf 86' lang='lat' dir='ltr'>angelus</span> <span class='ocrx_word' id='word_1_134' title='bbox 542 2596 689 2677; x_wconf 90' lang='lat' dir='ltr'>adstitit,</span> <span class='ocrx_word' id='word_1_135' title='bbox 707 2620 860 2688; x_wconf 89' lang='lat' dir='ltr'>eumque</span> <span class='ocrx_word' id='word_1_136' title='bbox 880 2599 917 2666; x_wconf 90' lang='lat' dir='ltr'>in</span> <span class='ocrx_word' id='word_1_137' title='bbox 936 2596 1070 2689; x_wconf 90' lang='lat' dir='ltr'>templo</span> <span class='ocrx_word' id='word_1_138' title='bbox 1094 2598 1348 2668; x_wconf 87' lang='lat' dir='ltr'>sacrificantem</span> <span class='ocrx_word' id='word_1_139' title='bbox 1365 2580 1473 2666; x_wconf 77' lang='lat' dir='ltr'>err-&#39;³&#39;</span> <span class='ocrx_word' id='word_1_140' title='bbox 1641 2583 1644 2589; x_wconf 42' lang='lat'>¹</span> 
     </span>
     <span class='ocr_line' id='line_1_18' title="bbox 380 2710 1428 2782; baseline -0.001 -2"><span class='ocrx_word' id='word_1_141' title='bbox 380 2713 542 2781; x_wconf 87' lang='lat' dir='ltr'>auditum</span> <span class='ocrx_word' id='word_1_142' title='bbox 559 2733 635 2780; x_wconf 86' lang='lat' dir='ltr'>esse</span> <span class='ocrx_word' id='word_1_143' title='bbox 652 2711 853 2782; x_wconf 73' lang='lat' dir='ltr'>nuntiavit?</span> <span class='ocrx_word' id='word_1_144' title='bbox 889 2710 982 2781; x_wconf 89' lang='lat' dir='ltr'>Haec</span> <span class='ocrx_word' id='word_1_145' title='bbox 1005 2712 1130 2781; x_wconf 89' lang='lat' dir='ltr'>eadem</span> <span class='ocrx_word' id='word_1_146' title='bbox 1154 2721 1373 2782; x_wconf 88' lang='lat' dir='ltr'>sacramenta</span> <span class='ocrx_word' id='word_1_147' title='bbox 1388 2720 1428 2780; x_wconf 91' lang='lat' dir='ltr'>et</span> 
     </span>
    </p>
   </div>
   <div class='ocr_carea' id='block_1_3' title="bbox 381 2824 1429 3033">
    <p class='ocr_par' dir='ltr' id='par_1_9' title="bbox 381 2824 1429 3033">
     <span class='ocr_line' id='line_1_19' title="bbox 381 2824 1428 2916; baseline 0 -23"><span class='ocrx_word' id='word_1_148' title='bbox 381 2826 416 2893; x_wconf 95' lang='lat' dir='ltr'>in</span> <span class='ocrx_word' id='word_1_149' title='bbox 436 2826 535 2894; x_wconf 92' lang='lat' dir='ltr'>bonis</span> <span class='ocrx_word' id='word_1_150' title='bbox 552 2825 753 2896; x_wconf 88' lang='lat' dir='ltr'>hominibus</span> <span class='ocrx_word' id='word_1_151' title='bbox 776 2825 869 2896; x_wconf 90' lang='lat' dir='ltr'>illius</span> <span class='ocrx_word' id='word_1_152' title='bbox 886 2826 1055 2916; x_wconf 88' lang='lat' dir='ltr'>temporis</span> <span class='ocrx_word' id='word_1_153' title='bbox 1078 2835 1188 2909; x_wconf 86' lang='lat' dir='ltr'>erant,</span> <span class='ocrx_word' id='word_1_154' title='bbox 1206 2834 1244 2896; x_wconf 87' lang='lat' dir='ltr'>et</span> <span class='ocrx_word' id='word_1_155' title='bbox 1267 2827 1304 2895; x_wconf 91' lang='lat' dir='ltr'>in</span> <span class='ocrx_word' id='word_1_156' title='bbox 1326 2824 1428 2894; x_wconf 88' lang='lat' dir='ltr'>malis</span> 
     </span>
     <span class='ocr_line' id='line_1_20' title="bbox 381 2939 1429 3033; baseline -0.003 -22"><span class='ocrx_word' id='word_1_157' title='bbox 381 2940 557 3032; x_wconf 88' lang='lat' dir='ltr'>pejoribus</span> <span class='ocrx_word' id='word_1_158' title='bbox 587 2962 692 3030; x_wconf 91' lang='lat' dir='ltr'>quam</span> <span class='ocrx_word' id='word_1_159' title='bbox 724 2942 794 3010; x_wconf 89' lang='lat' dir='ltr'>sint</span> <span class='ocrx_word' id='word_1_160' title='bbox 823 2939 981 3022; x_wconf 93' lang='lat' dir='ltr'>ethnici;</span> <span class='ocrx_word' id='word_1_161' title='bbox 1007 2942 1292 3033; x_wconf 90' lang='lat' dir='ltr'>quandoquidem</span> <span class='ocrx_word' id='word_1_162' title='bbox 1317 2940 1429 3011; x_wconf 87' lang='lat' dir='ltr'>Sodo-</span> 
     </span>
    </p>
   </div>
   <div class='ocr_carea' id='block_1_4' title="bbox 381 3053 1566 4502">
    <p class='ocr_par' dir='ltr' id='par_1_10' title="bbox 382 3053 1430 3263">
     <span class='ocr_line' id='line_1_21' title="bbox 382 3053 1430 3145; baseline 0.001 -24"><span class='ocrx_word' id='word_1_163' title='bbox 382 3055 478 3123; x_wconf 89' lang='lat' dir='ltr'>mitis</span> <span class='ocrx_word' id='word_1_164' title='bbox 509 3055 543 3121; x_wconf 94' lang='lat' dir='ltr'>in</span> <span class='ocrx_word' id='word_1_165' title='bbox 571 3053 706 3122; x_wconf 87' lang='lat' dir='ltr'>malitia</span> <span class='ocrx_word' id='word_1_166' title='bbox 732 3053 869 3145; x_wconf 86' lang='lat' dir='ltr'>praelati</span> <span class='ocrx_word' id='word_1_167' title='bbox 900 3063 1002 3123; x_wconf 90' lang='lat' dir='ltr'>sunt:</span> <span class='ocrx_word' id='word_1_168' title='bbox 1030 3063 1067 3123; x_wconf 90' lang='lat' dir='ltr'>et</span> <span class='ocrx_word' id='word_1_169' title='bbox 1085 3066 1204 3123; x_wconf 88' lang='lat' dir='ltr'>tamen</span> <span class='ocrx_word' id='word_1_170' title='bbox 1231 3053 1292 3124; x_wconf 91' lang='lat' dir='ltr'>illa</span> <span class='ocrx_word' id='word_1_171' title='bbox 1317 3076 1430 3123; x_wconf 84' lang='lat' dir='ltr'>sacra-</span> 
     </span>
     <span class='ocr_line' id='line_1_22' title="bbox 382 3171 1275 3263; baseline 0.001 -25"><span class='ocrx_word' id='word_1_172' title='bbox 382 3180 503 3239; x_wconf 89' lang='lat' dir='ltr'>menta</span> <span class='ocrx_word' id='word_1_173' title='bbox 520 3179 621 3239; x_wconf 91' lang='lat' dir='ltr'>eraut</span> <span class='ocrx_word' id='word_1_174' title='bbox 639 3171 674 3238; x_wconf 93' lang='lat' dir='ltr'>in</span> <span class='ocrx_word' id='word_1_175' title='bbox 693 3171 850 3261; x_wconf 91' lang='lat' dir='ltr'>utrisque</span> <span class='ocrx_word' id='word_1_176' title='bbox 867 3171 1006 3263; x_wconf 88' lang='lat' dir='ltr'>integra</span> <span class='ocrx_word' id='word_1_177' title='bbox 1022 3181 1130 3262; x_wconf 90' lang='lat' dir='ltr'>atque</span> <span class='ocrx_word' id='word_1_178' title='bbox 1148 3171 1275 3240; x_wconf 85' lang='lat' dir='ltr'>divina.</span> 
     </span>
    </p>

    <p class='ocr_par' dir='ltr' id='par_1_11' title="bbox 381 3283 1566 4502">
     <span class='ocr_line' id='line_1_23' title="bbox 433 3283 1429 3378; baseline 0.001 -26"><span class='ocrx_word' id='word_1_179' title='bbox 433 3283 530 3353; x_wconf 90' lang='lat' dir='ltr'>Nam</span> <span class='ocrx_word' id='word_1_180' title='bbox 548 3295 585 3353; x_wconf 91' lang='lat' dir='ltr'>et</span> <span class='ocrx_word' id='word_1_181' title='bbox 603 3285 668 3375; x_wconf 89' lang='lat' dir='ltr'>ipsi</span> <span class='ocrx_word' id='word_1_182' title='bbox 685 3285 837 3378; x_wconf 88' lang='lat' dir='ltr'>gentiles</span> <span class='ocrx_word' id='word_1_183' title='bbox 857 3286 883 3353; x_wconf 96' lang='lat' dir='ltr'>si</span> <span class='ocrx_word' id='word_1_184' title='bbox 903 3286 988 3377; x_wconf 90' lang='lat' dir='ltr'>quid</span> <span class='ocrx_word' id='word_1_185' title='bbox 1006 3285 1161 3354; x_wconf 91' lang='lat' dir='ltr'>divinum</span> <span class='ocrx_word' id='word_1_186' title='bbox 1182 3294 1219 3354; x_wconf 90' lang='lat' dir='ltr'>et</span> <span class='ocrx_word' id='word_1_187' title='bbox 1236 3294 1372 3354; x_wconf 83' lang='lat' dir='ltr'>rectum</span> <span class='ocrx_word' id='word_1_188' title='bbox 1391 3286 1429 3353; x_wconf 90' lang='lat' dir='ltr'>in</span> 
     </span>
     <span class='ocr_line' id='line_1_24' title="bbox 382 3397 1430 3490; baseline 0.001 -23"><span class='ocrx_word' id='word_1_189' title='bbox 382 3398 550 3468; x_wconf 84' lang='lat' dir='ltr'>doctrinis</span> <span class='ocrx_word' id='word_1_190' title='bbox 576 3399 647 3467; x_wconf 89' lang='lat' dir='ltr'>suis</span> <span class='ocrx_word' id='word_1_191' title='bbox 671 3397 802 3468; x_wconf 90' lang='lat' dir='ltr'>habere</span> <span class='ocrx_word' id='word_1_192' title='bbox 826 3408 1030 3489; x_wconf 90' lang='lat' dir='ltr'>potuerunt,</span> <span class='ocrx_word' id='word_1_193' title='bbox 1049 3422 1121 3468; x_wconf 93' lang='lat' dir='ltr'>non</span> <span class='ocrx_word' id='word_1_194' title='bbox 1141 3400 1430 3490; x_wconf 81' lang='lat' dir='ltr'>improbaremut</span> 
     </span>
     <span class='ocr_line' id='line_1_25' title="bbox 381 3512 1430 3605; baseline 0.001 -24"><span class='ocrx_word' id='word_1_195' title='bbox 381 3514 493 3583; x_wconf 88' lang='lat' dir='ltr'>sancti</span> <span class='ocrx_word' id='word_1_196' title='bbox 516 3514 636 3593; x_wconf 90' lang='lat' dir='ltr'>nostri,</span> <span class='ocrx_word' id='word_1_197' title='bbox 654 3514 813 3603; x_wconf 89' lang='lat' dir='ltr'>quamvis</span> <span class='ocrx_word' id='word_1_198' title='bbox 835 3512 885 3582; x_wconf 91' lang='lat' dir='ltr'>illi</span> <span class='ocrx_word' id='word_1_199' title='bbox 907 3522 984 3604; x_wconf 84' lang='lat' dir='ltr'>¹per</span> <span class='ocrx_word' id='word_1_200' title='bbox 1005 3537 1085 3583; x_wconf 88' lang='lat' dir='ltr'>suas</span> <span class='ocrx_word' id='word_1_201' title='bbox 1110 3515 1375 3605; x_wconf 88' lang='lat' dir='ltr'>superstitiones</span> <span class='ocrx_word' id='word_1_202' title='bbox 1392 3522 1430 3582; x_wconf 90' lang='lat' dir='ltr'>et</span> 
     </span>
     <span class='ocr_line' id='line_1_26' title="bbox 382 3627 1430 3722; baseline 0 -25"><span class='ocrx_word' id='word_1_203' title='bbox 382 3627 616 3697; x_wconf 89' lang='lat' dir='ltr'>idololatriam</span> <span class='ocrx_word' id='word_1_204' title='bbox 634 3637 672 3697; x_wconf 92' lang='lat' dir='ltr'>et</span> <span class='ocrx_word' id='word_1_205' title='bbox 688 3627 899 3718; x_wconf 90' lang='lat' dir='ltr'>superbiam,</span> <span class='ocrx_word' id='word_1_206' title='bbox 917 3638 1124 3722; x_wconf 86' lang='lat' dir='ltr'>ceterosque</span> <span class='ocrx_word' id='word_1_207' title='bbox 1141 3630 1297 3720; x_wconf 90' lang='lat' dir='ltr'>perditos</span> <span class='ocrx_word' id='word_1_208' title='bbox 1314 3650 1430 3698; x_wconf 89' lang='lat' dir='ltr'>mores</span> 
     </span>
     <span class='ocr_line' id='line_1_27' title="bbox 382 3741 1430 3837; baseline 0 -26"><span class='ocrx_word' id='word_1_209' title='bbox 382 3743 580 3812; x_wconf 87' lang='lat' dir='ltr'>detestandi</span> <span class='ocrx_word' id='word_1_210' title='bbox 599 3752 727 3824; x_wconf 91' lang='lat' dir='ltr'>essent,</span> <span class='ocrx_word' id='word_1_211' title='bbox 743 3752 780 3811; x_wconf 92' lang='lat' dir='ltr'>et</span> <span class='ocrx_word' id='word_1_212' title='bbox 798 3744 863 3812; x_wconf 89' lang='lat' dir='ltr'>niai</span> <span class='ocrx_word' id='word_1_213' title='bbox 881 3744 1149 3837; x_wconf 85' lang='lat' dir='ltr'>corrigerentur,</span> <span class='ocrx_word' id='word_1_214' title='bbox 1163 3745 1282 3813; x_wconf 85' lang='lat' dir='ltr'>divino</span> <span class='ocrx_word' id='word_1_215' title='bbox 1294 3741 1430 3834; x_wconf 88' lang='lat' dir='ltr'>judicio</span> 
     </span>
     <span class='ocr_line' id='line_1_28' title="bbox 381 3854 1566 3949; baseline 0.001 -24"><span class='ocrx_word' id='word_1_216' title='bbox 381 3857 562 3948; x_wconf 91' lang='lat' dir='ltr'>puniendi.</span> <span class='ocrx_word' id='word_1_217' title='bbox 619 3858 713 3926; x_wconf 91' lang='lat' dir='ltr'>Nam</span> <span class='ocrx_word' id='word_1_218' title='bbox 744 3867 781 3927; x_wconf 87' lang='lat' dir='ltr'>et</span> <span class='ocrx_word' id='word_1_219' title='bbox 813 3856 944 3927; x_wconf 90' lang='lat' dir='ltr'>Paulus</span> <span class='ocrx_word' id='word_1_220' title='bbox 979 3857 1159 3949; x_wconf 91' lang='lat' dir='ltr'>apostolus</span> <span class='ocrx_word' id='word_1_221' title='bbox 1194 3857 1286 3948; x_wconf 87' lang='lat' dir='ltr'>apud</span> <span class='ocrx_word' id='word_1_222' title='bbox 1316 3854 1566 3926; x_wconf 63' lang='lat' dir='ltr'>Athe-Amati-</span> 
     </span>
     <span class='ocr_line' id='line_1_29' title="bbox 383 3931 1478 4064; baseline 0.001 -25"><span class='ocrx_word' id='word_1_223' title='bbox 383 3972 520 4041; x_wconf 88' lang='lat' dir='ltr'>nienses</span> <span class='ocrx_word' id='word_1_224' title='bbox 537 3994 616 4041; x_wconf 88' lang='lat' dir='ltr'>cum</span> <span class='ocrx_word' id='word_1_225' title='bbox 637 3973 681 4041; x_wconf 92' lang='lat' dir='ltr'>de</span> <span class='ocrx_word' id='word_1_226' title='bbox 699 3971 778 4041; x_wconf 87' lang='lat' dir='ltr'>Deo</span> <span class='ocrx_word' id='word_1_227' title='bbox 796 3972 952 4063; x_wconf 85' lang='lat' dir='ltr'>quaedam</span> <span class='ocrx_word' id='word_1_228' title='bbox 973 3974 1115 4054; x_wconf 88' lang='lat' dir='ltr'>diceret,</span> <span class='ocrx_word' id='word_1_229' title='bbox 1136 3971 1314 4064; x_wconf 89' lang='lat' dir='ltr'>perhibuit</span> <span class='ocrx_word' id='word_1_230' title='bbox 1331 3931 1478 4042; x_wconf 53' lang='lat' dir='ltr'>testi-²&amp;</span> 
     </span>
     <span class='ocr_line' id='line_1_30' title="bbox 383 4086 1428 4179; baseline 0.006 -27"><span class='ocrx_word' id='word_1_231' title='bbox 383 4087 540 4154; x_wconf 90' lang='lat' dir='ltr'>monium</span> <span class='ocrx_word' id='word_1_232' title='bbox 565 4088 657 4177; x_wconf 93' lang='lat' dir='ltr'>quod</span> <span class='ocrx_word' id='word_1_233' title='bbox 681 4086 823 4177; x_wconf 91' lang='lat' dir='ltr'>quidam</span> <span class='ocrx_word' id='word_1_234' title='bbox 850 4110 972 4155; x_wconf 86' lang='lat' dir='ltr'>eorum</span> <span class='ocrx_word' id='word_1_235' title='bbox 998 4086 1069 4157; x_wconf 92' lang='lat' dir='ltr'>tale</span> <span class='ocrx_word' id='word_1_236' title='bbox 1094 4087 1227 4179; x_wconf 91' lang='lat' dir='ltr'>aliquid</span> <span class='ocrx_word' id='word_1_237' title='bbox 1253 4087 1428 4158; x_wconf 88' lang='lat' dir='ltr'>dixerint:</span> 
     </span>
     <span class='ocr_line' id='line_1_31' title="bbox 382 4199 1431 4295; baseline 0.005 -27"><span class='ocrx_word' id='word_1_238' title='bbox 382 4200 476 4289; x_wconf 89' lang='lat' dir='ltr'>quod</span> <span class='ocrx_word' id='word_1_239' title='bbox 503 4202 626 4291; x_wconf 87' lang='lat' dir='ltr'>utique</span> <span class='ocrx_word' id='word_1_240' title='bbox 651 4202 677 4271; x_wconf 89' lang='lat' dir='ltr'>si</span> <span class='ocrx_word' id='word_1_241' title='bbox 706 4201 751 4269; x_wconf 93' lang='lat' dir='ltr'>ad</span> <span class='ocrx_word' id='word_1_242' title='bbox 778 4199 958 4271; x_wconf 86' lang='lat' dir='ltr'>Christum</span> <span class='ocrx_word' id='word_1_243' title='bbox 987 4203 1158 4284; x_wconf 88' lang='lat' dir='ltr'>venirent,</span> <span class='ocrx_word' id='word_1_244' title='bbox 1180 4212 1431 4295; x_wconf 87' lang='lat' dir='ltr'>agnosceretur</span> 
     </span>
     <span class='ocr_line' id='line_1_32' title="bbox 383 4315 1430 4409; baseline 0.005 -28"><span class='ocrx_word' id='word_1_245' title='bbox 383 4315 418 4381; x_wconf 93' lang='lat' dir='ltr'>in</span> <span class='ocrx_word' id='word_1_246' title='bbox 453 4315 514 4396; x_wconf 88' lang='lat' dir='ltr'>eis,</span> <span class='ocrx_word' id='word_1_247' title='bbox 545 4337 615 4384; x_wconf 93' lang='lat' dir='ltr'>non</span> <span class='ocrx_word' id='word_1_248' title='bbox 645 4316 915 4407; x_wconf 87' lang='lat' dir='ltr'>improbaretur.</span> <span class='ocrx_word' id='word_1_249' title='bbox 979 4315 1028 4384; x_wconf 88' lang='lat' dir='ltr'>Et</span> <span class='ocrx_word' id='word_1_250' title='bbox 1062 4325 1203 4386; x_wconf 91' lang='lat' dir='ltr'>sanctus</span> <span class='ocrx_word' id='word_1_251' title='bbox 1233 4315 1430 4409; x_wconf 82' lang='lat' dir='ltr'>Cyprianus</span> 
     </span>
     <span class='ocr_line' id='line_1_33' title="bbox 383 4427 1428 4502; baseline 0.005 -5"><span class='ocrx_word' id='word_1_252' title='bbox 383 4427 512 4499; x_wconf 88' lang='lat' dir='ltr'>talibus</span> <span class='ocrx_word' id='word_1_253' title='bbox 547 4431 713 4501; x_wconf 85' lang='lat' dir='ltr'>adversus</span> <span class='ocrx_word' id='word_1_254' title='bbox 747 4431 890 4500; x_wconf 91' lang='lat' dir='ltr'>eosdem</span> <span class='ocrx_word' id='word_1_255' title='bbox 925 4431 1086 4501; x_wconf 86' lang='lat' dir='ltr'>ethnicos</span> <span class='ocrx_word' id='word_1_256' title='bbox 1120 4432 1234 4501; x_wconf 91' lang='lat' dir='ltr'>utitur</span> <span class='ocrx_word' id='word_1_257' title='bbox 1268 4432 1428 4502; x_wconf 86' lang='lat' dir='ltr'>testibus.</span> 
     </span>
    </p>
   </div>
   <div class='ocr_carea' id='block_1_5' title="bbox 429 4613 1082 4769">
    <p class='ocr_par' dir='ltr' id='par_1_12' title="bbox 429 4613 1082 4769">
     <span class='ocr_line' id='line_1_34' title="bbox 747 4613 1082 4687; baseline 0 -18"><span class='ocrx_word' id='word_1_258' title='bbox 747 4620 754 4642; x_wconf 90' lang='lat'><strong>¹</strong></span> <span class='ocrx_word' id='word_1_259' title='bbox 774 4614 845 4686; x_wconf 86' lang='lat' dir='ltr'>[Per</span> <span class='ocrx_word' id='word_1_260' title='bbox 858 4614 933 4670; x_wconf 86' lang='lat' dir='ltr'>valet</span> <span class='ocrx_word' id='word_1_261' title='bbox 943 4613 1082 4687; x_wconf 65' lang='lat' dir='ltr'>propter]</span> 
     </span>
     <span class='ocr_line' id='line_1_35' title="bbox 429 4706 941 4769; baseline 0.004 -2"><span class='ocrx_word' id='word_1_262' title='bbox 429 4725 495 4767; x_wconf 80' lang='lat' dir='ltr'>voa.</span> <span class='ocrx_word' id='word_1_263' title='bbox 508 4726 535 4768; x_wconf 90' lang='lat' dir='ltr'>v.</span> <span class='ocrx_word' id='word_1_264' title='bbox 883 4728 903 4769; x_wconf 84' lang='grc' dir='ltr'><strong><em>κ</em></strong></span> <span class='ocrx_word' id='word_1_265' title='bbox 919 4706 941 4768; x_wconf 83' lang='lat' dir='ltr'>k</span> 
     </span>
    </p>
   </div>
   <div class='ocr_carea' id='block_1_6' title="bbox 0 0 1928 5692">
    <p class='ocr_par' dir='ltr' id='par_1_13' title="bbox 0 0 1928 5692">
     <span class='ocr_line' id='line_1_36' title="bbox 0 0 1928 5692; baseline 0 0"><span class='ocrx_word' id='word_1_266' title='bbox 0 0 1928 5692; x_wconf 95' lang='lat' dir='ltr'> </span> 
     </span>
    </p>
   </div>
  </div>
 </body>
</html>
