3817 5692
576 676 640 740 DE
664 674 1048 740 REBAPTISMATE
1073 676 1230 740 LIBER.
1361 680 1426 748 299

378 847 528 943 apostoli
554 849 807 920 descenderent
832 849 878 919 ad
902 847 992 931 illos,
1009 856 1051 918 ut
1073 848 1124 919 eis
1148 870 1293 919 manum
1313 849 1427 942 impo-

379 972 514 1048 nerent,
537 972 574 1035 et
601 963 774 1056 Spiritum
801 972 963 1034 sanctum
991 984 1054 1056 per
1081 984 1207 1035 manus
1232 963 1426 1057 impositio·

378 1078 516 1148 nemin
533 1099 593 1149 eos
610 1078 832 1161 conferrent3
860 1077 933 1149 ¹vel
959 1078 1125 1170 quoniam
1151 1075 1213 1149 illo
1239 1078 1426 1151 intervallo

379 1193 547 1285 temporis
572 1193 699 1285 aliquis
722 1216 845 1265 eorum
868 1216 939 1265 non
964 1195 1114 1287 adeptus
1132 1193 1305 1286 Spiritum
1326 1217 1426 1266 sanc-

378 1316 455 1379 tum
486 1319 602 1380 morte
631 1311 749 1402 potuit
779 1308 952 1402 intercipi,
984 1316 1021 1379 et
1051 1308 1280 1382 defraudatus
1312 1312 1428 1405 gratia

378 1424 531 1518 Spiritus
547 1426 660 1495 sancti
678 1425 835 1518 defungi.
887 1423 994 1508 Quod
1014 1423 1184 1497 hodierna
1206 1449 1347 1519 quoque
1367 1428 1426 1498 die

378 1561 450 1610 non
467 1549 584 1632 potest
597 1539 750 1611 dubitari
769 1561 846 1610 ease
862 1538 1046 1623 usitatum,
1060 1548 1098 1611 et
1112 1541 1253 1612 evenire
1270 1541 1425 1627 solitum,

378 1662 419 1725 ut
448 1653 608 1746 plerique
638 1662 719 1747 post
744 1654 921 1746 baptisma
949 1655 1025 1725 sine
1050 1655 1276 1747 impositione
1301 1679 1427 1729 manus

378 1768 531 1860 episcopi
563 1769 608 1839 de
637 1767 756 1839 seculo
784 1774 924 1850 exeant,
953 1776 992 1838 et
1019 1776 1139 1839 tamen
1168 1791 1231 1861 pro
1260 1771 1426 1862 perfectis

379 1883 541 1954 fidelibus
559 1883 761 1954 'habentur
814 1882 929 1954 Sicuti
946 1882 1112 1975 AEthiops
1134 1884 1325 1968 eunuchus,
1343 1908 1426 1956 cum
1434 1911 1548 1962 savar.

378 1999 508 2071 rediret
524 1999 570 2070 ab
588 1997 812 2069 Hierusalem
838 2007 876 2069 et
899 1997 1035 2093 legeret
1057 2000 1265 2092 prophetam
1284 1989 1520 2072 Esaiam²⁷¹⁰¹¹'

312 2119 319 2138 ⁸
378 2123 415 2186 et
444 2115 632 2198 haesitaret,
658 2125 872 2209 suggerente
901 2113 1049 2207 Spiritu,
1078 2115 1200 2186 audita
1226 2116 1375 2188 veritate
1405 2142 1428 2188 a

379 2228 544 2324 Philippo
566 2229 724 2313 diacono,
742 2230 892 2301 credidit
917 2238 956 2300 et
980 2229 1182 2321 baptizatus
1204 2239 1271 2315 est,
1288 2241 1326 2302 et
1343 2255 1425 2304 cnm

377 2347 592 2417 ascendisset
617 2347 663 2416 de
687 2368 788 2437 aqua,
805 2343 964 2439 Spiritus
983 2342 1133 2416 Domini
1152 2346 1271 2439 rapuit
1286 2344 1427 2444 Phiiip-

372 2484 470 2555 pum,
489 2468 520 2532 et
545 2483 614 2532 nort
639 2459 727 2532 vidit
751 2483 826 2531 eom
841 2459 924 2553 jam
949 2483 1042 2531 norro
1067 2458 1216 2554 amplius
1241 2461 1425 2536 aerarius.

377 2574 490 2648 obsint
507 2575 599 2647 enim
616 2576 706 2647 riam
729 2598 828 2646 suom
841 2573 1019 2671 paridem
1044 2577 1227 2666 ³quoniam
1253 2585 1293 2647 ut
1315 2579 1427 2650 anim·

377 2692 531 2763 advertis
556 2691 722 2784 imposita
744 2691 777 2760 ei
802 2711 926 2759 manus
950 2712 1021 2759 non
1045 2699 1100 2759 est
1124 2690 1170 2760 ab
1191 2691 1367 2785 episcopo,
1385 2702 1426 2766 ut

377 2807 550 2900 Spiritum
567 2815 729 2877 sanctum
745 2805 929 2898 reciperet.
983 2804 1087 2888 Quod
1112 2806 1140 2875 si
1164 2806 1232 2876 hoc
1254 2807 1425 2891 admittis,

377 2933 416 2992 et
432 2921 586 2993 salutare
603 2943 680 2992 esse
697 2919 820 2999 credis,
835 2942 900 2990 neo
917 2917 1071 3010 opinioni
1091 2919 1249 3020 omnium
1267 2922 1425 2993 fidelium

376 3036 571 3130 refragaris,
606 3057 747 3133 necesse
784 3046 837 3105 est
877 3034 1086 3113 confitearis,
1120 3034 1267 3124 proinde
1305 3045 1426 3106 autem

377 3160 486 3243 atque
508 3150 577 3220 hoc
600 3150 705 3220 latius
728 3159 881 3220 tractatu
905 3147 1075 3240 procedit,
1093 3147 1202 3217 etiam
1222 3147 1424 3220 illud'aliud

377 3265 483 3337 latius
509 3288 610 3358 posse
632 3267 842 3347 consistere;
868 3263 905 3332 id
929 3272 994 3345 est,
1011 3271 1053 3333 ut
1077 3285 1141 3354 per
1166 3262 1277 3334 solam
1301 3286 1426 3335 manus

376 3380 637 3472 impositionem
672 3380 838 3471 episcopi,
874 3379 958 3469 quia
992 3377 1167 3470 baptisma
1205 3379 1241 3447 in
1281 3379 1425 3451 nomine

375 3491 464 3566 Jesu
496 3494 627 3566 Christi
657 3492 806 3564 Domini
836 3494 947 3564 nostri
977 3493 1168 3585 praecessit,
1197 3494 1308 3587 possit
1336 3492 1424 3565 ⁴alio

376 3608 511 3680 homini
554 3610 740 3703 poenitenti
779 3620 887 3701 atque
925 3609 1083 3681 credenti
1123 3609 1232 3679 etiam
1272 3607 1425 3701 Spiritus

376 3734 518 3795 sanctus
543 3725 672 3808 tribui;
699 3726 866 3817 quoniam
891 3746 953 3795 eos
981 3725 1041 3814 qui
1071 3723 1108 3793 in
1138 3721 1319 3793 Christum
1349 3746 1425 3794 cre-

377 3839 486 3909 dituri
509 3851 626 3910 essent
653 3839 836 3933 Scriptura
861 3847 983 3909 sancta
1006 3838 1182 3930 praedixit,
1201 3847 1364 3932 oportere
1386 3839 1423 3908 in

418 3980 426 4005 ¹
440 3975 485 4033 vel
501 3977 648 4050 quoniam]
665 3975 772 4034 Omisit
781 3976 826 4033 vel
837 3995 855 4033 a
865 3976 983 4033 Baluzio
997 3976 1125 4034 additum
1137 3977 1323 4046 Gallandius3
1339 3978 1423 4034 omit-

376 4078 437 4129 tere
454 4072 580 4148 quoniam
600 4091 656 4148 ego
677 4072 782 4140 malim,
798 4072 851 4129 nisi
865 4072 909 4129 vel
924 4073 1037 4147 quodam
1052 4092 1183 4149 reponas.
1227 4073 1324 4131 Habea
1339 4076 1423 4130 inter·-

376 4169 448 4227 nollo
462 4170 577 4245 quodam
591 4169 719 4246 terporis
733 4168 807 4227 infra
820 4188 850 4243 p.
862 4184 933 4242 304.
949 4171 971 4228 1.
985 4169 1031 4227 26.

417 4273 425 4298 ¹
440 4267 593 4340 habentur]
611 4266 820 4343 corrigendum
836 4265 994 4324 habeantur.

416 4363 585 4440 ⁸quoniam]
607 4365 757 4423 Assentior
778 4364 890 4423 erudito
904 4365 975 4430 viro,
990 4366 1038 4441 qui
1058 4364 1168 4423 monuit
1188 4363 1341 4440 legendnm
1362 4380 1424 4422 esre

375 4479 541 4537 quamquam.
564 4463 680 4520 Banna.

415 4559 494 4617 ⁴alio
515 4557 636 4636 homini]
661 4560 769 4618 Forsan
789 4560 942 4636 legendum
963 4558 1051 4617 aliem
1071 4557 1180 4624 homini,
1199 4556 1227 4613 h.
1239 4575 1263 4614 e.
1278 4557 1422 4617 haeretico.

377 4656 418 4713 Ut
430 4664 530 4732 postea
544 4656 640 4715 scribit
654 4664 760 4715 auctm.
784 4655 819 4715 Si
831 4673 896 4713 cero
909 4656 943 4712 ab
958 4654 1056 4713 alienia
1070 4654 1174 4711 tradita
1180 4652 1300 4729 fuerint

858 4756 877 4803 a
892 4754 911 4817 q
930 4752 947 4795 2
