3817 5692
613 688 857 752 RESPONSA
881 689 947 751 AD
971 686 1234 751 EPlSCOPOS.
1380 687 1444 750 246

396 860 470 931 haec
500 863 678 932 sententia
707 863 809 932 testis
839 870 904 943 est,
931 869 973 930 ut
1002 860 1157 930 haeretici
1189 858 1370 929 venientes
1399 860 1443 928 ad

397 977 592 1049 Ecclesiam
618 1001 699 1048 cum
726 978 938 1071 baptismate
966 976 1061 1068 quod
1089 974 1266 1045 habebant
1292 974 1445 1065 suscipe-

375 1100 526 1178 rentur,
545 1103 608 1164 aut
630 1093 697 1164 hoc
719 1105 815 1165 recte
832 1094 951 1174 fiebat,
969 1101 1033 1161 aut
1057 1089 1141 1160 mali
1168 1090 1279 1159 bonos
1303 1090 1340 1158 in
1366 1091 1444 1158 uni-

394 1217 471 1278 tate
496 1232 568 1278 non
593 1210 783 1280 maculant.
836 1208 875 1279 si
895 1217 993 1278 recte
1013 1205 1132 1288 fiebat,
1150 1228 1213 1276 cur
1236 1205 1357 1275 orbem
1375 1215 1446 1276 ter-

395 1345 523 1405 rarum,
538 1326 621 1415 quia
639 1325 688 1394 sic
701 1326 930 1417 recipiuntur,
943 1318 1136 1392 accusanti
1164 1319 1204 1390 si
1222 1328 1340 1389 autem
1359 1317 1444 1388 mali

397 1438 506 1509 bonos
523 1440 559 1508 in
573 1440 711 1510 unitate
729 1462 799 1509 non
816 1437 1007 1516 maculant,
1021 1435 1198 1527 quomodo
1212 1457 1249 1505 se
1264 1436 1445 1505 acrimine

394 1552 573 1646 sacrilegae
590 1555 819 1646 separationis
835 1551 1033 1622 excusanti

447 1668 635 1739 Euoratius
652 1693 673 1739 a
689 1669 819 1739 Thenis
837 1669 946 1738 dixit:
973 1664 1098 1736 Fidem
1125 1674 1287 1746 nostram,
1309 1673 1341 1734 et
1365 1662 1518 1757 lap-en.
1531 1680 1572 1742 ³⁶·

395 1784 543 1855 tismatis
556 1785 719 1882 qratiam,
733 1792 765 1855 et
780 1781 864 1879 lepis
881 1780 1117 1853 ecclesiastico
1132 1779 1285 1876 rapulam
1298 1777 1397 1850 Deus
1414 1787 1446 1849 et

394 1897 570 1969 Dominus
586 1907 700 1969 aoslsr
715 1896 822 1968 Jesas
841 1895 1004 1970 Christus
1025 1919 1087 1966 suo
1110 1918 1169 1966 ore
1184 1892 1368 1988 Apostolos
1386 1892 1446 1965 do·

394 2037 472 2084 cens
485 2012 711 2107 perimplevit,
729 2012 855 2094 dicens,
872 2009 937 2095 Ite,
955 2011 1068 2082 docete
1088 2033 1202 2081 omnes
1219 2019 1347 2107 ‚qmtes
1364 2008 1445 2103 lap-
1453 2028 1544 2106 usas„

394 2130 540 2200 tizaales
574 2153 630 2201 eos
664 2130 703 2199 ia
737 2128 876 2200 nomiae
897 2126 1023 2198 Patris
1053 2136 1085 2198 et
1109 2124 1200 2198 Filii
1230 2135 1261 2197 et
1287 2092 1584 2221 Spiritusmm

393 2245 514 2315 soracti.
565 2243 710 2316 Falsum
740 2268 820 2341 arpo
848 2241 1088 2314 laeroticorara
1119 2239 1287 2336 baptisma
1317 2250 1349 2312 et
1376 2242 1445 2310 iai-

394 2380 497 2450 quom
528 2383 550 2429 a
577 2359 673 2431 nolis
696 2357 892 2454 pellersdom
920 2366 978 2437 est,
1005 2367 1037 2427 et
1063 2359 1158 2428 oraui
1183 2370 1198 2413 ‘³
1205 2356 1445 2429 contestatione

393 2473 625 2567 refutandam,
643 2473 685 2545 de
707 2497 852 2569 qaorum
873 2496 933 2542 ore
949 2474 1057 2553 virus,
1076 2496 1145 2543 aon
1163 2474 1256 2550 cita:
1283 2496 1343 2544 aec
1361 2495 1445 2568 pra-

394 2589 445 2658 tia
461 2587 613 2672 scelestis,
630 2587 692 2659 sed
711 2585 919 2683 blasphemia
935 2584 1123 2657 Trinitatis
1140 2588 1359 2680 reprimitur.
1395 2585 1445 2658 Et

394 2703 471 2776 ideo
488 2709 655 2776 venientes
672 2704 720 2775 orl
730 2702 920 2775 Ecclesiam
938 2701 1116 2773 loereticos
1133 2703 1266 2799 intepro
1283 2711 1314 2772 et
1330 2700 1445 2773 catla-

393 2818 460 2892 lico
483 2818 683 2915 baptismate
706 2819 879 2914 baptizari
904 2816 1022 2888 delere
1047 2815 1266 2911 manifestum
1292 2825 1349 2900 est,
1367 2827 1405 2888 at
1421 2842 1444 2888 a

392 2932 601 3028 blasphemio
625 2958 698 3005 sare
718 2934 980 3029 proesoartioais
998 2933 1190 3027 parificati,
1207 2934 1344 3027 possint
1359 2932 1442 3027 Spi-

392 3051 482 3119 ritus
498 3050 610 3120 saacti
626 3052 755 3146 rpratia
771 3048 971 3145 reformari.

443 3164 554 3235 Plane
588 3167 616 3235 si
650 3188 721 3234 non
755 3175 809 3235 est
843 3166 1040 3257 baptismus
1070 3162 1185 3234 Patris
1218 3174 1256 3233 et
1287 3163 1367 3235 Filii
1404 3175 1440 3236 et

393 3280 546 3373 Spiritus
563 3282 673 3350 sancti
697 3280 840 3349 nomine
863 3288 1097 3360 consecratus,
1115 3277 1362 3349 haereticorum
1381 3281 1442 3350 de·

391 3405 547 3487 putetur,
565 3405 602 3464 et
620 3396 817 3486 ’iniquusa
840 3393 941 3464 nobis
959 3393 1055 3462 omni
1073 3395 1331 3463 contestatione
1348 3396 1441 3466 rein-

391 3519 507 3598 tetur:
534 3512 564 3580 si
581 3519 701 3580 antem
720 3509 786 3580 hoc
804 3510 840 3578 in
858 3531 902 3578 eo
919 3530 1049 3577 nomen
1067 3510 1300 3600 agnoscimus,
1313 3510 1439 3581 melius

391 3628 498 3697 verba
526 3627 741 3721 Evangelica
766 3626 811 3696 ab
839 3625 1083 3695 haereticorum
1112 3646 1229 3694 errore
1254 3626 1439 3719 distingui·

390 3767 480 3824 mus,
502 3754 540 3815 et
566 3746 659 3836 quod
687 3746 722 3815 in
750 3744 801 3814 eis
825 3743 976 3835 probum
999 3752 1053 3811 est
1079 3742 1325 3834 approbamus,
1343 3746 1438 3838 quod

390 3857 599 3926 mendosum
617 3867 671 3927 est
688 3859 929 3927 emendamus.

429 4032 445 4075 q
461 4021 543 4095 Apud
557 4020 739 4094 cyprianum,
754 4022 937 4078 detestatione.
982 4023 1020 4079 Et
1038 4023 1122 4096 paulo
1136 4032 1211 4100 post,
1227 4031 1257 4079 at
1278 4041 1295 4078 o
1316 4023 1438 4098 blaspbe-

387 4118 722 4192 miaaaoepraesamtions.
755 4118 902 4188 (Correxit
918 4117 1092 4192 cyprianum
1107 4120 1256 4194 posteriori
1270 4120 1334 4177 loco
1352 4119 1437 4176 Balu·
1552 4175 1559 4186 ,

387 4217 474 4289 zius.)

429 4325 440 4355 r
455 4313 557 4370 Nostri
572 4312 662 4370 MSS.
676 4311 767 4386 ylario
783 4312 940 4386 reformari.
988 4314 1100 4383 (Gratia
1115 4321 1253 4390 praestant
1268 4313 1344 4384 mei.)

427 4419 440 4450 ⁸
456 4404 487 4466 la
503 4409 594 4465 MSS.
611 4408 739 4483 iniquam.
784 4407 842 4465 Sed
856 4409 1051 4466 Lovanienses
1066 4410 1185 4473 malunt,
1199 4420 1232 4467 nt
1251 4410 1280 4465 in
1297 4408 1437 4483 prioribus

386 4506 478 4571 editis,
493 4507 622 4580 iniquas:
644 4505 709 4579 quia
729 4505 757 4561 in
779 4506 964 4579 responsione
979 4506 1132 4580 Augustini
1151 4525 1209 4562 non
1229 4506 1370 4580 baptisma,
1386 4505 1437 4561 sed

385 4603 532 4676 baptismos
546 4602 669 4676 ponitur.
715 4601 852 4676 (Iniquum
867 4610 896 4658 et
910 4603 990 4673 mei.)

871 4712 946 4758 112
