3817 5692
526 716 591 777 104
758 714 1014 778 ARCHELAI
1040 713 1104 775 ET
1128 714 1349 778 MANETIS

525 886 624 959 sami
678 889 727 958 Et
749 888 894 979 quidem
918 889 1013 979 quod
1038 888 1118 957 dico
1135 887 1197 956 tali
1215 887 1390 979 exemplo,
1408 890 1486 958 tsed
1506 892 1576 959 cla·

525 1006 608 1073 rius.
661 1002 782 1073 Homo
799 1004 943 1094 quidam
968 1001 1142 1072 conclusit
1164 1002 1201 1071 in
1225 1002 1390 1072 thesauro
1406 1004 1575 1073 fmmenti

526 1119 729 1211 plurimum,
754 1119 806 1188 ita
831 1126 872 1187 ut
899 1118 1052 1188 refertus
1079 1126 1173 1187 esset
1198 1117 1306 1198 locus,
1324 1141 1431 1209 quem
1458 1119 1574 1188 locum

526 1223 698 1302 fclausum
733 1240 841 1323 atque
875 1232 1053 1324 signatum
1089 1230 1343 1301 sufficientibus
1376 1232 1574 1324 signaculis,

527 1348 694 1417 custodiri
712 1348 900 1439 pracepit3
926 1347 1001 1436 ipse
1020 1345 1196 1416 Dominus
1213 1368 1297 1415 vero
1314 1347 1463 1430 &cessit3
1486 1346 1576 1417 alias

527 1471 648 1533 autem
679 1462 823 1553 quidam
856 1470 937 1553 post
971 1460 1126 1531 multum
1157 1462 1325 1554 temporis
1359 1463 1501 1532 advenit
1530 1462 1576 1531 ad

527 1576 742 1659 thesaurum,
769 1577 890 1647 dicens
919 1598 958 1647 se
987 1576 1032 1646 ah
1061 1597 1117 1659 eo,
1147 1578 1208 1668 qui
1238 1576 1428 1670 signaculis
1456 1577 1575 1647 locum

527 1692 758 1775 concluserat,
774 1693 919 1763 missum
936 1692 981 1761 ad
998 1692 1076 1773 hoc,
1092 1699 1134 1760 ut
1151 1693 1259 1762 etiam
1277 1692 1352 1783 ipse
1369 1693 1404 1761 in
1422 1694 1574 1762 eundern

528 1808 732 1878 thesaurum
755 1808 913 1877 triticum
938 1814 1179 1898 congregaret.
1231 1804 1347 1889 Quem
1371 1828 1453 1875 cum
1471 1808 1577 1876 vidis-

527 1931 607 1993 sent
625 1925 797 2004 custodes,
814 1920 1007 2013 poscebant
1030 1920 1075 1989 ab
1099 1943 1142 1990 eo
1161 1915 1352 2013 hsignaculi
1370 1922 1487 2001 fidem,
1505 1945 1575 2013 quo

528 2038 662 2129 possint
679 2038 724 2118 ei,
742 2036 919 2117 videlicet,
936 2036 1072 2127 aperire
1095 2035 1311 2118 thesaurum,
1329 2045 1367 2106 et
1392 2060 1515 2129 parere
1531 2039 1575 2119 ei,

568 2281 582 2313 θ
596 2271 682 2328 Forte
688 2272 738 2346 fit,
753 2270 799 2328 vel
811 2271 859 2337 sit,
874 2279 923 2328 aut
939 2273 1035 2341 etiarm
1050 2281 1099 2329 est.

568 2365 686 2442 tsupra
699 2368 825 2424 thesauri
845 2368 906 2424 solo
926 2369 1020 2444 sign'llo
1039 2369 1182 2445 obsignati
1199 2370 1373 2427 mentionem
1386 2368 1453 2426 facit
1467 2369 1574 2427 Arche·

527 2466 607 2522 laus:
631 2472 660 2521 at
673 2464 720 2521 hic
733 2465 827 2540 sigillo
841 2465 934 2522 claves
948 2465 1088 2542 adjungit,
1101 2485 1157 2541 quo
1170 2475 1254 2541 pacto
1268 2466 1396 2523 chariora
1410 2486 1526 2541 qaaeqne
1540 2467 1576 2523 ab

528 2562 652 2637 antiquis
665 2561 801 2618 custodiri
815 2562 1005 2626 consuevisse,
1014 2562 1097 2619 testis
1110 2570 1156 2619 est
1167 2562 1372 2638 Aristophanes
1386 2563 1415 2619 in
1429 2563 1576 2629 comoedia,

529 2659 574 2715 cui
595 2659 702 2723 titulus,
722 2660 987 2731 θεσμοφοριάζουσω
1001 2677 1067 2734 pag.
1085 2659 1153 2733 787.
1174 2660 1250 2733 apud
1272 2678 1356 2733 quem
1378 2660 1478 2717 mulier
1500 2679 1574 2734 qure-

529 2756 595 2812 darn
616 2754 798 2829 conqueritur
819 2773 1019 2830 gynecaeorum
1037 2753 1114 2811 fores
1133 2755 1244 2829 sigillis,
1258 2763 1288 2812 et
1306 2756 1425 2831 pessulis
1438 2775 1456 2813 a
1468 2756 1577 2813 maritis

529 2851 683 2916 obfirmari,
699 2870 782 2927 quem
797 2870 906 2908 morem
920 2852 1020 2909 irridet
1033 2851 1194 2909 Menander
1207 2853 1282 2927 apud
1297 2852 1454 2910 Stobaeum.

570 2959 587 3003 t
604 2948 689 3005 Forte
703 2948 823 3011 recessit,
838 2947 884 3004 vel
897 2948 1032 3005 discessit.

569 3042 586 3087 ¹¹
600 3044 702 3101 Anulis
715 3063 767 3119 pro
777 3051 893 3108 tessera,
905 3062 956 3100 seu
970 3043 1053 3118 signo
1067 3043 1096 3098 in
1110 3043 1266 3118 repetendo
1276 3044 1414 3118 deposito,
1427 3053 1456 3102 et
1470 3046 1577 3119 majore

529 3142 635 3198 nuntiis
650 3142 705 3198 fide
725 3140 901 3198 concilianda
913 3150 1024 3197 veteres
1042 3159 1110 3197 usos
1128 3140 1225 3208 fuisse,
1240 3159 1275 3197 ex
1290 3141 1399 3205 Plauto,
1414 3149 1444 3198 et
1456 3143 1576 3217 Apuleio

529 3239 672 3303 discimus,
687 3257 807 3312 quorum
827 3239 934 3313 primus
956 3237 985 3294 in
1005 3238 1149 3295 Bacchide
1170 3245 1225 3294 act.
1242 3256 1270 3294 2.
1292 3256 1377 3295 scena
1390 3255 1420 3310 3.
1435 3257 1510 3296 vers.
1523 3254 1574 3314 93.

528 3335 570 3392 ita
582 3335 673 3409 inquit
684 3334 772 3409 Chry.
793 3334 912 3391 Anulum
924 3335 1004 3409 gnati
1017 3334 1058 3391 tsi
1069 3334 1173 3400 Facito,
1184 3343 1215 3391 at
1228 3335 1477 3410 mcrniacrissme.
1509 3334 1576 3390 Nic.

532 3432 605 3496 Quid
621 3450 689 3507 opas
708 3439 749 3487 est
769 3430 878 3487 anulo?
919 3430 1007 3505 Chry.
1025 3431 1095 3493 Quia
1117 3432 1147 3487 id
1168 3431 1274 3507 sicam
1295 3439 1336 3487 est
1359 3432 1505 3496 Theotimo,
1529 3432 1577 3506 qai

529 3546 588 3585 cam
608 3528 652 3584 illi
670 3528 777 3602 afferet,
796 3528 822 3583 ei
842 3546 937 3584 auram
958 3536 987 3584 at
1008 3528 1146 3585 reddatur.
1188 3527 1274 3586 Alter
1286 3547 1355 3585 vero
1368 3528 1397 3584 in
1410 3529 1459 3586 lib.
1478 3547 1525 3585 10.
1540 3528 1576 3584 de

529 3625 619 3681 Asino
640 3643 726 3682 aureo
746 3624 802 3681 hoc
823 3624 901 3681 hatae
923 3624 1070 3699 cujusdam
1087 3624 1211 3681 mulieris
1225 3624 1334 3682 facinus
1347 3626 1444 3682 refert.
1488 3625 1577 3683 Arato

529 3721 623 3777 mariti
636 3729 771 3796 sarrepta,
786 3739 834 3777 ras
842 3718 981 3795 prosecta,
996 3720 1081 3776 mittit
1095 3722 1225 3795 quendam
1242 3720 1386 3785 servulum,
1401 3721 1455 3777 sibi
1472 3721 1576 3795 quidem

523 3816 642 3890 fidelem,
656 3818 705 3873 scd
723 3817 756 3873 dc
778 3817 838 3891 ipssa
857 3815 925 3873 mae
940 3817 1060 3892 pessime
1081 3825 1233 3882 merentem,
1248 3817 1294 3892 qai
1311 3816 1411 3892 puella
1431 3816 1576 3884 nuntiaret,

529 3914 601 3989 qaod
619 3932 677 3969 cam
691 3913 803 3986 juvenis
818 3911 963 3987 projectas
984 3913 1021 3968 ad
1040 3913 1162 3970 villulam
1177 3922 1285 3971 vocaret
1305 3915 1342 3970 ad
1360 3933 1408 3980 se,·
1429 3914 1531 3978 addae,
1546 3919 1578 3969 at

528 4008 599 4073 sola,
612 4015 640 4064 et
652 4008 711 4064 sine
724 4008 780 4065 allo
795 4008 890 4065 comite
908 4027 989 4083 qaam
1010 4010 1190 4066 maturissime
1204 4012 1370 4085 perveniret.
1414 4009 1453 4065 Et
1473 4028 1506 4065 ae
1525 4028 1577 4083 qua

521 4104 603 4179 sorte
622 4112 779 4160 nasceretur
798 4104 921 4161 veniendi
942 4106 1070 4171 cantatio,
1092 4107 1179 4163 madit
1201 4107 1311 4163 amulam
1332 4106 1432 4163 marito
1453 4105 1577 4161 subtrac.

529 4208 594 4265 tam,
610 4201 657 4275 qai
670 4208 844 4265 monstratas,
853 4201 939 4275 fidem
951 4202 1042 4257 verbis
1055 4202 1279 4278 adstioalaretar.
1321 4204 1362 4259 At
1381 4203 1431 4259 itta
1452 4202 1577 4258 nraadato

521 4295 630 4370 fratris
643 4296 788 4371 obsequens
803 4295 865 4368 (hcc
878 4297 948 4352 mim
962 4315 1055 4353 nomm
1068 4299 1127 4354 sola
1140 4300 1255 4372 sciebat)
1270 4308 1392 4374 respecto
1405 4300 1487 4354 etiam
1499 4298 1578 4372 sigim

529 4393 596 4465 cias
618 4393 689 4466 qaod
709 4392 883 4475 offerebatur,
902 4394 1038 4468 guaviter.
1059 4403 1090 4451 at
1107 4404 1273 4472 preceptum
1289 4396 1398 4470 fuerat,
1421 4396 1577 4451 incomitata

520 4488 650 4563 festinat,
665 4489 716 4545 &c

935 4627 945 4656 ¹
963 4647 978 4683 2
992 4627 1060 4685 Cor.
1072 4629 1128 4685 xiii.
1141 4646 1170 4701 3.
