3817 5692
510 692 553 758 64
742 694 995 759 ARCHELAI
1022 692 1085 754 ΕΤ
1111 691 1332 755 MANETIS

510 864 633 967 λόγοις
654 867 781 961 αὐτῶν,
800 864 1019 963 ἀποθνήσκει
1045 871 1092 947 εἰς
1117 863 1197 946 τοὺς
1222 869 1363 960 αἰῶνας,
1382 862 1561 960 δεδεμένος

508 998 557 1075 εἷς
575 991 640 1091 τὴν
658 999 792 1088 βῶλον,
809 992 864 1071 ὅτι
890 994 953 1070 οὐκ
980 992 1088 1091 ἔμαθε
1108 989 1173 1088 τὴν
1192 996 1330 1091 γνῶσιν
1348 998 1412 1069 τοῦ
1429 994 1557 1091 Παρα·

508 1116 654 1215 κλήτοο.
696 1117 893 1195 ἐνετείλατο
920 1115 958 1195 δὲ
985 1123 1058 1199 τοῖς
1088 1118 1264 1199 ἐκλεκτοῖς
1293 1118 1402 1195 αὑτοῦ
1431 1113 1562 1213 μόνοις,

509 1244 550 1321 ού
581 1243 694 1322 πλέον
722 1243 813 1323 ἑπτὰ
845 1245 928 1323 οὖσι
961 1243 1024 1322 τὸν
1056 1240 1218 1345 ἀριθμόν·
1247 1242 1337 1322 Ἐὰν
1366 1241 1562 1340 παύσησθε

508 1370 698 1465 ἐσθίοντες,
731 1372 890 1475 εὔχεσθε,
923 1374 982 1449 καὶ
1012 1369 1171 1464 βάλλετε
1208 1372 1266 1449 ε’πὶ
1298 1373 1361 1467 τῆς
1399 1372 1561 1474 κεφαλῆς

509 1496 629 1575 ἔλαιον
661 1496 925 1602 ἐξωρκισμένον
958 1496 1111 1594 ὀνόμασι
1143 1502 1308 1591 πολλοῖς,
1341 1492 1433 1597 πρὸς
1466 1529 1560 1593 om)-

508 1620 638 1725 ριγμὸν
655 1628 719 1720 τῆς
736 1626 892 1706 πίστεως
909 1622 1055 1722 ταύτης.
1097 1621 1143 1701 τὰ
1168 1621 1206 1701 δὲ
1233 1619 1391 1719 ὀνόματά
1415 1655 1477 1720 μοι
1499 1621 1564 1699 οὐκ

509 1748 725 1854 ἐφανερώθη.
763 1749 866 1847 μόνοι
884 1747 957 1850 γὰρ
976 1754 1008 1827 οἱ
1027 1748 1118 1828 ἑπτὰ
1137 1747 1279 1830 τούτοις
1297 1752 1463 1851 χρῶνται.
1505 1749 1564 1824 καὶ

509 1873 622 1953 πάλιν
640 1872 681 1954 τὸ
699 1881 783 1975 παρ’
803 1876 907 1972 ιὑμῖν
925 1875 1042 1973 τίμιον
1060 1877 1119 1952 καὶ
1143 1873 1237 1974 μέγα
1262 1872 1375 1971 ὄνομα
1393 1868 1562 1967 Σαβαὼθ,

511 2000 597 2081 αὐτὸ
626 1996 712 2079 εἶναι
740 1998 805 2097 τὴν
824 1999 938 2106 φύσιν
956 2008 1020 2079 τοῦ
1046 2000 1246 2102 ἀνθρώπου,
1264 2002 1323 2078 καὶ
1345 1997 1481 2099 πατέρα
1500 2000 1564 2094 τῆς

510 2212 588 2268 sam,
619 2191 768 2274 quoniam
802 2212 866 2253 non
899 2190 1011 2254 didicit
1062 2192 1131 2267 mis,
1146 2192 1187 2255 ad
1203 2190 1475 2255 confirmationem
1488 2189 1563 2253 fidei

510 2276 674 2340 scientiam
706 2275 866 2341 Paracliti.
925 2278 1010 2339 Prae-
1062 2277 1190 2361 shujus;
1216 2277 1344 2340 nomina
1362 2283 1469 2340 tamen
1484 2274 1562 2337 mihi

510 2362 588 2446 cipit
599 2369 708 2425 autem
723 2361 831 2425 electis
846 2360 911 2424 suis
926 2361 1010 2437 solis,
1062 2384 1125 2425 non
1144 2361 1371 2435 manifestavit,
1387 2360 1460 2425 tsoli
1478 2359 1562 2423 enim

510 2446 584 2530 equi
600 2469 661 2510 non
677 2454 751 2511 sunt
766 2446 900 2531 amplius
915 2468 1011 2530 quam
1061 2447 1105 2510 illi
1118 2455 1240 2532 septem
1252 2454 1388 2511 utuntur
1398 2446 1448 2509 his
1463 2444 1561 2509 nomi-

510 2539 633 2616 septem
646 2554 789 2610 numero,
801 2540 839 2596 ut
854 2554 926 2596 cum
937 2533 1011 2596 ade
1061 2533 1163 2597 nibus.
1188 2532 1233 2597 Et
1245 2533 1381 2596 uiterum
1392 2532 1463 2608 hoc,
1476 2531 1561 2616 quod

510 2618 650 2682 sinerent
675 2620 914 2694 manducantes,
940 2640 1011 2682 ora-
1062 2619 1165 2703 ¹apud
1175 2640 1231 2682 vos
1245 2639 1406 2702 magnum,
1416 2625 1450 2681 et
1463 2616 1561 2679 hono-

509 2710 591 2782 rent,
608 2713 641 2768 et
661 2704 826 2769 mitterent
841 2702 945 2767 oleum
960 2725 1011 2766 su·
1061 2703 1161 2767 rabile
1175 2711 1246 2768 test
1268 2725 1382 2767 nomen
1407 2702 1560 2779 Sabaoth,

510 2810 568 2887 per
603 2797 712 2875 caput,
748 2789 1010 2864 rexorcidiatum,
1061 2789 1112 2853 ille
1139 2788 1216 2853 dicit
1239 2796 1388 2852 naturam
1412 2809 1480 2852 esse
1505 2787 1561 2849 ho-

510 2877 664 2939 mvocatis
700 2875 879 2954 nominibus
913 2874 1010 2960 pluri-
1061 2874 1163 2952 minis,
1195 2882 1229 2939 et
1257 2882 1382 2960 patrem
1411 2871 1559 2957 concupi·

550 3072 564 3109 Ρ
586 3062 665 3118 Idem
682 3062 782 3127 codex,
797 3063 844 3137 pai
857 3070 929 3118 suat.
952 3061 1026 3118 mala
1038 3061 1131 3118 lectio.

550 3168 567 3211 q
588 3157 687 3214 Codex
703 3157 860 3222 Bobiensis,
875 3158 1032 3214 θιςίαςτίαι.

550 3263 563 3293 ¹
583 3252 687 3310 Oleum
701 3253 906 3310 exorcidiatum
922 3253 971 3320 ait,
986 3272 1038 3326 pro
1053 3252 1254 3319 exorcizatum,
1270 3260 1468 3326 contraquam
1481 3261 1559 3309 vete-

509 3369 555 3407 res
569 3351 711 3407 interdum
726 3351 849 3407 scribere
863 3351 1010 3415 solebant;
1033 3350 1080 3405 hic
1102 3349 1176 3406 enim
1198 3350 1306 3424 syllaba
1319 3370 1363 3414 za,
1378 3351 1408 3406 in
1421 3351 1476 3415 dia,
1491 3368 1559 3406 con-

509 3448 638 3511 vertitur,
660 3447 700 3504 illi
724 3456 819 3504 autem
843 3448 1072 3521 praepositionem
1096 3465 1219 3522 graecam
1241 3449 1293 3515 bui,
1316 3447 1379 3519 etj
1400 3464 1560 3503 consonans

509 3545 653 3601 vocalibus
667 3545 831 3621 adjunctum
846 3546 875 3601 in
889 3565 905 3601 τ
920 3547 1085 3610 mutabant;
1108 3545 1149 3602 sic
1160 3545 1292 3612 Zabulue,
1302 3564 1355 3620 pro
1368 3545 1515 3609 Diabolus,
1530 3551 1560 3600 et

509 3642 619 3699 similia.
652 3642 722 3699 Vide
736 3642 885 3698 Bartbium
900 3643 927 3697 in
943 3643 1019 3699 notis
1034 3642 1070 3698 ad
1084 3642 1269 3699 Phoebadium
1284 3661 1345 3716 cap.
1368 3660 1390 3698 ι.
1424 3641 1482 3714 (De
1495 3658 1558 3714 par-

509 3738 596 3795 ticula
615 3739 658 3792 διὰ
678 3738 707 3794 in
729 3740 758 3806 (d
776 3738 920 3795 AEolicum
939 3746 1049 3797 mutata
1072 3738 1260 3795 consulendas
1280 3746 1378 3795 monet
1393 3735 1559 3794 Gallandius

509 3835 730 3893 Observationes
744 3836 780 3892 ad
795 3836 922 3912 Hesych.
937 3856 964 3891 v.
980 3836 1142 3906 ζαβάλλειν.)

548 3943 560 3975 ⁸
585 3933 686 3990 Codex
708 3933 868 3998 Bobiensis,
892 3934 928 3990 ad
953 3931 1182 4008 confimatioaem
1203 3930 1281 4004 fidei.
1323 3929 1421 4002 Hujus
1442 3926 1557 3983 nomiae.

510 4030 682 4095 Casinensis,
697 4032 734 4086 ad
753 4032 977 4107 confirmationem
991 4030 1070 4105 fidei.
1115 4030 1221 4084 Horum
1235 4029 1349 4083 ποπιὶιια.
1393 4026 1457 4082 Nos
1474 4025 1558 4099 juxta

508 4126 594 4183 fidem
608 4126 695 4199 graeci
713 4127 788 4200 apud
802 4126 992 4201 Epiphaniam
1010 4133 1107 4182 textus
1125 4122 1347 4187 emendavimus,
1362 4122 1400 4177 cd
1415 4119 1557 4193 confima-

508 4224 682 4298 ticaemfidei
695 4222 783 4296 liujus.
826 4223 947 4280 Nomina
962 4231 1058 4285 tamea,
1070 4225 1122 4277 &e

549 4320 560 4361 t
582 4320 681 4377 Codex
698 4321 870 4386 Casinenais,
885 4322 1050 4378 salientem.

550 4430 566 4461 1¹
588 4417 736 4474 Bobiensis
750 4418 850 4482 codex,
866 4420 965 4474 iterum
974 4417 1058 4492 ‘quod

550 4525 566 4556 ¹
589 4515 666 4570 Hinc
690 4523 769 4588 patet
793 4515 867 4588 apud
889 4514 1080 4588 Epiphaniam
1100 4512 1254 4586 legendum
1278 4529 1336 4566 non
1358 4526 1419 4565 esse
1445 4508 1512 4577 ἡμῖν,
1527 4513 1559 4561 ut

508 4612 592 4686 paulo
608 4620 674 4668 aute
689 4612 858 4668 monuimus.
991 4622 1006 4664 5
1028 4609 1128 4666 Codex
1143 4609 1301 4673 Bobiensis,
1316 4614 1394 4663 esset.
