3817 5692
426 682 491 745 344
567 675 877 741 TESTIMONIA
901 673 965 738 DE
991 672 1377 738 AUCTORITATE

627 959 785 1029 Αυαιοιι
811 955 965 1028 Com
992 957 1286 1040 CATAPHRYGAS,

673 1125 851 1168 Ενιεοονυε
868 1124 925 1170 Qu!
943 1124 1097 1166 vlnmun
1113 1124 1246 1167 Fulssn.

479 1223 599 1300 Δεδιιδς
626 1224 660 1295 δὲ
684 1224 737 1294 καὶ
762 1222 1047 1317 ἐξευλαβούμενος,
1063 1227 1108 1305 μή
1130 1254 1177 1305 πη
1199 1221 1291 1317 δόξαν
1313 1225 1416 1295 τισίν
1434 1228 1506 1295 ἐπι-

428 1337 683 1438 συγγράφεινῆ
707 1336 1006 1410 ἐπιδιατάσσεσθαι
1033 1345 1083 1428 τῷ
1111 1346 1169 1420 τῆς
1194 1346 1259 1409 τοῦ
1289 1342 1504 1434 εὐαγγελίου

427 1464 530 1537 καινῆς
554 1453 703 1536 διαθήκης
726 1454 831 1545 λόγῳ,
858 1453 885 1543 ᾧ
910 1456 996 1537 μήτε
1022 1457 1215 1549 προσθεῖναι
1243 1456 1324 1535 μητ’
1353 1455 1500 1551 ἀφελεῖν

428 1569 574 1653 δυνατὸν,
588 1576 636 1659 τῷ
653 1567 738 1639 κατὰ
755 1566 797 1638 τδ
816 1568 1012 1659 εῦαγγελιον
1029 1566 1109 1638 αῦτδ
1126 1569 1371 1641 πολιτεύεσθαι
1392 1602 1499 1666 προη-

426 1687 561 1781 ρημέυῳ.
611 1683 723 1776 Apud
750 1683 956 1765 Eusebium,
974 1680 1071 1754 Hist.
1088 1680 1184 1753 Eccl.
1203 1707 1234 1752 v.
1255 1684 1317 1755 16.
1345 1709 1386 1778 p.
1406 1691 1494 1757 344.

429 1801 485 1871 ed.
505 1801 654 1870 Burton.

763 2005 799 2075 S.
828 2001 1067 2074 H1P1>0LYTUS
1093 2004 1145 2074 M.

480 2135 529 2206 Εἰ
546 2134 599 2206 οῦν
617 2134 752 2218 Νόητος
772 2142 887 2227 τολμᾷ
909 2137 1020 2228 λέγειν
1037 2134 1135 2207 αι’ντδν
1152 2133 1229 2207 εῖναι
1248 2135 1309 2209 τόν
1328 2137 1491 2234 Πατέρα,

429 2250 512 2348 πρὸς
538 2261 635 2320 ποῖον
654 2250 796 2347 Πατέρα
827 2253 891 2347 ε’ρεῖ
916 2253 1113 2347 πορεύεσθαι
1137 2248 1294 2347 Χριστὸν
1310 2252 1401 2325 κατὰ
1425 2256 1490 2336 τὴν

429 2366 643 2457 εῦαγγελικίην
669 2370 801 2461 φωνήνς
829 2367 947 2456 (Joan.
966 2390 1027 2436 xx.
1047 2371 1119 2461 17.)
1149 2368 1179 2435 εἶ
1204 2365 1239 2438 δὲ
1264 2366 1356 2461 ἆξιοῖ
1382 2400 1490 2440 κατα-

429 2480 619 2574 λείψαντας
659 2485 741 2563 ἡμᾶς
778 2479 821 2551 τὸ
860 2482 1057 2573 εύαγγελιον
1089 2487 1133 2575 τῇ
1170 2484 1270 2552 αύτοῦ
1308 2484 1487 2580 ἀφροσύνῃ

429 2598 604 2678 πιστεύειν,
619 2598 727 2679 ματην
744 2593 864 2680 κάμνει·
892 2596 1096 2692 Πειθαρχεῖν
1112 2593 1179 2689 γάρ
1199 2594 1246 2666 δεῖ
1258 2596 1330 2687 θεῷ
1347 2602 1488 2679 μᾶλλον

430 2713 447 2793 ἢ
482 2713 665 2808 ἀνθρώποις
700 2710 799 2801 (Act.
830 2711 955 2805 Apost.
983 2713 1029 2782 iv.
1058 2714 1114 2783 13.
1142 2712 1294 2805 et19.).
1347 2712 1486 2786 Contra

429 2826 607 2897 Haeresim
624 2826 738 2911 Νοειῖ,
761 2852 836 2920 cap.
851 2828 885 2897 6.
912 2829 949 2897 in
972 2826 1190 2922 Scriptorum
1211 2825 1306 2898 Eccl.
1327 2827 1486 2923 θραυομ-

430 2941 485 3026 lis,
505 2942 573 3012 vol.
592 2944 622 3012 I.
640 2966 674 3034 p.
689 2944 749 3015 60.

481 3054 544 3133 Εἷς
568 3056 660 3140 θεὸς,
678 3056 714 3127 δν
738 3059 793 3127 οῦκ
816 3055 961 3128 ἄλλοθεν
984 3059 1250 3150 ε’πιγινιίισκομεν,
1273 3056 1434 3155 άδελφοὶ,
1466 3062 1485 3143 ᾗ

430 3172 479 3261 (ἐκ
496 3170 659 3265 addend.)
676 3178 742 3242 τῶν
763 3173 866 3264 ἁγίων
887 3178 1039 3270 γραφῶν.
1081 3172 1151 3242 Ὃν
1177 3171 1245 3267 γάρ
1271 3175 1402 3269 τρόπον
1429 3174 1486 3245 ε’όν

430 3318 480 3361 τις
507 3288 658 3381 βουληθῇ
683 3288 743 3369 τῖηυ
763 3291 890 3383 σοφίαν
912 3294 975 3358 τοῦ
1001 3290 1112 3364 αι’ὣνος
1137 3288 1259 3359 τούτου
1285 3290 1407 3373 άσκεῖν,
1427 3294 1485 3361 οῦκ

428 3398 538 3476 ἄλλως
555 3399 723 3483 δυνήσεται
741 3403 863 3474 τούτου
884 3413 1007 3499 τυχεῖν,
1028 3401 1082 3472 ε’ὰν
1098 3404 1142 3486 μη
1166 3402 1314 3495 δόγμασι
1332 3406 1487 3499 φιλοσό·

430 3525 502 3609 φων
519 3516 647 3611 ε’ντύχη,
665 3515 725 3587 τὸν
742 3515 841 3587 αῦτδν
857 3515 895 3598 δίη
918 3517 1048 3611 τρόπον
1065 3517 1141 3587 ὅσοι
1165 3518 1355 3603 θεοσέβειαν
1371 3519 1486 3590 ἀσκεῖν

430 3631 633 3715 βουλόμεθα,
652 3634 707 3701 οῦκ
724 3631 870 3703 όλλοθεν
887 3634 1074 3716 άσκῆσομεν
1091 3634 1110 3715 ἢ
1130 3635 1165 3703 ἐκ
1186 3639 1252 3704 τῶν
1276 3634 1403 3725 λογίων
1418 3642 1489 3706 τοῦ

432 3744 525 3817 θεοῦ.
563 3746 657 3817 Ὅσα
674 3749 780 3819 τοίνυν
797 3751 1013 3845 κηρύσσουσιν
1030 3752 1066 3818 αῖ
1082 3748 1174 3819 θεῖαι
1193 3750 1337 3843 γραφαὶ,
1354 3749 1485 3835 ἴδωμεν,

430 3859 482 3926 καῖ
494 3858 559 3927 ὅσα
572 3858 788 3945 διδάσκουσιν,
799 3863 1050 3954 ε’πιγνῶμεν,καῖ
1061 3865 1101 3938 ὡς
1113 3864 1199 3934 θελει
1211 3862 1333 3957 Πατὴρ
1345 3866 1487 3933 πιστεύ·

430 3975 537 4055 εσθαι,
555 3977 791 4059 πιστεύσωμεν,
808 3978 860 4046 καὶ
885 3981 924 4053 ὡς
945 3979 1032 4048 θέλει
1051 3975 1131 4047 Υῖδν
1154 3975 1364 4075 δοξάζεσθαι,
1383 3977 1487 4072 δοξά-

431 4117 547 4170 σωμεν,
567 4089 619 4156 καῖ
643 4092 682 4164 ὡς
709 4091 796 4161 θελει
825 4091 959 4173 Πνεῦμα
985 4090 1083 4184 ἅγιον
1109 4090 1293 4189 δωρεῖσθαι,
1313 4090 1486 4178 λάβωμεν.

431 4198 492 4280 Mb
510 4204 580 4269 κατ’
601 4199 682 4271 ἰδίαν
699 4206 902 4300 προαίρεσιν,
919 4204 999 4289 μηδὲ
1015 4208 1089 4276 κατ’
1105 4205 1186 4277 ἴδιον
1204 4212 1284 4287 νοῦν,
1301 4204 1381 4287 μηδὲ
1403 4209 1486 4292 βια-

431 4310 562 4407 ζόμενοι
592 4313 637 4385 τά
667 4316 730 4388 ῦπά
761 4327 822 4390 τοῦ
852 4321 938 4391 θεοῦ
971 4320 1133 4403 δεδομένα·
1176 4322 1252 4392 ἀλλ’
1283 4320 1320 4391 &v
1348 4321 1485 4413 τρόπον

430 4426 527 4503 αῦτδι
544 4431 706 4516 ἐβουλήθη
725 4432 776 4503 διὰ
798 4440 863 4506 τῶν
879 4437 984 4527 ἁγίων
1001 4441 1144 4532 γραφῶν
1161 4435 1274 4529 δεῖξαι,
1293 4433 1391 4509 οὕτως
1408 4434 1486 4505 ῖδω-

429 4572 496 4620 μεν.
524 4543 616 4614 Ibid.
636 4570 711 4639 cap.
727 4555 761 4628 9.
780 4574 813 4643 p.
830 4552 888 4623 64.
