<?xml version="1.0" encoding="UTF-8"?>
<!DOCTYPE html PUBLIC "-//W3C//DTD XHTML 1.0 Transitional//EN"
    "http://www.w3.org/TR/xhtml1/DTD/xhtml1-transitional.dtd">
<html xmlns="http://www.w3.org/1999/xhtml" xml:lang="en" lang="en">
 <head>
  <title>
</title>
<meta http-equiv="Content-Type" content="text/html;charset=utf-8" />
  <meta name='ocr-system' content='tesseract 3.04.00' />
  <meta name='ocr-capabilities' content='ocr_page ocr_carea ocr_par ocr_line ocrx_word'/>
</head>
<body>
  <div class='ocr_page' id='page_1' title='image "./reliquiaesacrae02routgoog_0102.png"; bbox 0 0 3817 5692; ppageno 0'>
   <div class='ocr_carea' id='block_1_1' title="bbox 501 713 1321 780">
    <p class='ocr_par' dir='ltr' id='par_1_1' title="bbox 501 713 1321 780">
     <span class='ocr_line' id='line_1_1' title="bbox 501 713 1321 780; baseline -0.005 0"><span class='ocrx_word' id='word_1_1' title='bbox 501 720 544 780; x_wconf 90' lang='lat'><strong>88</strong></span> <span class='ocrx_word' id='word_1_2' title='bbox 733 716 987 779; x_wconf 78' lang='lat' dir='ltr'>ARCHELAI</span> <span class='ocrx_word' id='word_1_3' title='bbox 1013 714 1077 776; x_wconf 87' lang='lat' dir='ltr'><strong>ET</strong></span> <span class='ocrx_word' id='word_1_4' title='bbox 1102 713 1321 777; x_wconf 86' lang='lat' dir='ltr'>MANETIS</span> 
     </span>
    </p>
   </div>
   <div class='ocr_carea' id='block_1_2' title="bbox 500 885 1552 2367">
    <p class='ocr_par' dir='ltr' id='par_1_2' title="bbox 500 885 1550 1443">
     <span class='ocr_line' id='line_1_2' title="bbox 500 885 1550 977; baseline -0.002 -21"><span class='ocrx_word' id='word_1_5' title='bbox 500 887 568 957; x_wconf 91' lang='lat' dir='ltr'><strong>hoe</strong></span> <span class='ocrx_word' id='word_1_6' title='bbox 586 888 772 957; x_wconf 82' lang='lat' dir='ltr'>ostendere</span> <span class='ocrx_word' id='word_1_7' title='bbox 793 908 980 977; x_wconf 85' lang='lat' dir='ltr'><strong>possumus</strong></span> <span class='ocrx_word' id='word_1_8' title='bbox 1001 885 1264 955; x_wconf 79' lang='lat' dir='ltr'><strong>consonantiam</strong></span> <span class='ocrx_word' id='word_1_9' title='bbox 1284 906 1361 954; x_wconf 85' lang='lat' dir='ltr'><strong>esse</strong></span> <span class='ocrx_word' id='word_1_10' title='bbox 1379 885 1550 954; x_wconf 87' lang='lat' dir='ltr'><strong>virtutum</strong></span> 
     </span>
     <span class='ocr_line' id='line_1_3' title="bbox 500 1000 1550 1095; baseline -0.001 -24"><span class='ocrx_word' id='word_1_11' title='bbox 500 1003 537 1071; x_wconf 93' lang='lat' dir='ltr'><strong>in</strong></span> <span class='ocrx_word' id='word_1_12' title='bbox 561 1012 722 1095; x_wconf 85' lang='lat' dir='ltr'><strong>utraque,</strong></span> <span class='ocrx_word' id='word_1_13' title='bbox 740 1003 775 1073; x_wconf 91' lang='lat' dir='ltr'><strong>id</strong></span> <span class='ocrx_word' id='word_1_14' title='bbox 800 1012 866 1083; x_wconf 90' lang='lat' dir='ltr'><strong>est,</strong></span> <span class='ocrx_word' id='word_1_15' title='bbox 884 1002 1048 1092; x_wconf 88' lang='lat' dir='ltr'><strong>eorporis,</strong></span> <span class='ocrx_word' id='word_1_16' title='bbox 1066 1011 1174 1093; x_wconf 89' lang='lat' dir='ltr'><strong>atque</strong></span> <span class='ocrx_word' id='word_1_17' title='bbox 1195 1001 1319 1070; x_wconf 88' lang='lat' dir='ltr'><strong>animae</strong></span> <span class='ocrx_word' id='word_1_18' title='bbox 1343 1000 1550 1085; x_wconf 89' lang='lat' dir='ltr'><strong>substantia,</strong></span> 
     </span>
     <span class='ocr_line' id='line_1_4' title="bbox 500 1115 1549 1210; baseline -0.001 -24"><span class='ocrx_word' id='word_1_19' title='bbox 500 1119 538 1187; x_wconf 92' lang='lat' dir='ltr'><strong>in</strong></span> <span class='ocrx_word' id='word_1_20' title='bbox 569 1142 639 1210; x_wconf 89' lang='lat' dir='ltr'><strong>qua</strong></span> <span class='ocrx_word' id='word_1_21' title='bbox 673 1118 722 1189; x_wconf 88' lang='lat' dir='ltr'><strong>ait</strong></span> <span class='ocrx_word' id='word_1_22' title='bbox 757 1118 1008 1209; x_wconf 88' lang='lat' dir='ltr'><strong>seripturarum</strong></span> <span class='ocrx_word' id='word_1_23' title='bbox 1044 1117 1168 1187; x_wconf 79' lang='lat' dir='ltr'><strong>doctor</strong></span> <span class='ocrx_word' id='word_1_24' title='bbox 1201 1117 1377 1185; x_wconf 85' lang='lat' dir='ltr'><strong>maximus</strong></span> <span class='ocrx_word' id='word_1_25' title='bbox 1408 1115 1549 1199; x_wconf 90' lang='lat' dir='ltr'><strong>Paulus,</strong></span> 
     </span>
     <span class='ocr_line' id='line_1_5' title="bbox 501 1230 1550 1327; baseline -0.002 -22"><span class='ocrx_word' id='word_1_26' title='bbox 501 1231 633 1305; x_wconf 83' lang='lat' dir='ltr'><strong>¹Deum</strong></span> <span class='ocrx_word' id='word_1_27' title='bbox 661 1235 699 1303; x_wconf 82' lang='lat' dir='ltr'><strong>ia</strong></span> <span class='ocrx_word' id='word_1_28' title='bbox 727 1256 878 1327; x_wconf 74' lang='lat' dir='ltr'><strong>empore,</strong></span> <span class='ocrx_word' id='word_1_29' title='bbox 904 1231 993 1303; x_wconf 81' lang='lat' dir='ltr'><strong>sieut</strong></span> <span class='ocrx_word' id='word_1_30' title='bbox 1019 1230 1135 1314; x_wconf 81' lang='lat' dir='ltr'><strong>voluit,</strong></span> <span class='ocrx_word' id='word_1_31' title='bbox 1160 1230 1422 1326; x_wconf 78' lang='lat' dir='ltr'><strong>unurnqnodque</strong></span> <span class='ocrx_word' id='word_1_32' title='bbox 1450 1256 1550 1303; x_wconf 79' lang='lat' dir='ltr'><strong>mern·</strong></span> 
     </span>
     <span class='ocr_line' id='line_1_6' title="bbox 501 1348 779 1443; baseline 0 -24"><span class='ocrx_word' id='word_1_33' title='bbox 501 1348 600 1420; x_wconf 66' lang='lat' dir='ltr'><strong>mum</strong></span> <span class='ocrx_word' id='word_1_34' title='bbox 615 1349 779 1443; x_wconf 77' lang='lat' dir='ltr'><strong><em>posuisse.</em></strong></span> 
     </span>
    </p>

    <p class='ocr_par' dir='ltr' id='par_1_3' title="bbox 501 1460 1552 2367">
     <span class='ocr_line' id='line_1_7' title="bbox 552 1460 1550 1549; baseline -0.001 -14"><span class='ocrx_word' id='word_1_35' title='bbox 552 1465 662 1536; x_wconf 87' lang='lat' dir='ltr'><strong>XIX.</strong></span> <span class='ocrx_word' id='word_1_36' title='bbox 689 1466 794 1549; x_wconf 90' lang='lat' dir='ltr'><strong>Quod</strong></span> <span class='ocrx_word' id='word_1_37' title='bbox 823 1467 852 1535; x_wconf 88' lang='lat' dir='ltr'><strong>si</strong></span> <span class='ocrx_word' id='word_1_38' title='bbox 879 1466 944 1536; x_wconf 92' lang='lat' dir='ltr'><strong>tibi</strong></span> <span class='ocrx_word' id='word_1_39' title='bbox 971 1465 1007 1534; x_wconf 90' lang='lat' dir='ltr'><strong>id</strong></span> <span class='ocrx_word' id='word_1_40' title='bbox 1034 1462 1176 1535; x_wconf 87' lang='lat' dir='ltr'><strong>difficile</strong></span> <span class='ocrx_word' id='word_1_41' title='bbox 1193 1464 1334 1534; x_wconf 85' lang='lat' dir='ltr'><strong>videtur</strong></span> <span class='ocrx_word' id='word_1_42' title='bbox 1354 1460 1550 1546; x_wconf 85' lang='lat' dir='ltr'><strong>intellectu,</strong></span> 
     </span>
     <span class='ocr_line' id='line_1_8' title="bbox 501 1577 1552 1673; baseline -0.003 -22"><span class='ocrx_word' id='word_1_43' title='bbox 501 1604 567 1653; x_wconf 89' lang='lat' dir='ltr'><strong>nee</strong></span> <span class='ocrx_word' id='word_1_44' title='bbox 593 1582 785 1673; x_wconf 79' lang='lat' dir='ltr'><strong>acquiescis</strong></span> <span class='ocrx_word' id='word_1_45' title='bbox 811 1581 865 1651; x_wconf 89' lang='lat' dir='ltr'><strong>his</strong></span> <span class='ocrx_word' id='word_1_46' title='bbox 890 1580 1006 1663; x_wconf 88' lang='lat' dir='ltr'><strong>dietis,</strong></span> <span class='ocrx_word' id='word_1_47' title='bbox 1024 1578 1151 1649; x_wconf 90' lang='lat' dir='ltr'><strong>saltem</strong></span> <span class='ocrx_word' id='word_1_48' title='bbox 1176 1577 1349 1671; x_wconf 87' lang='lat' dir='ltr'><strong>exemplis</strong></span> <span class='ocrx_word' id='word_1_49' title='bbox 1372 1578 1437 1649; x_wconf 86' lang='lat' dir='ltr'><strong>tibi</strong></span> <span class='ocrx_word' id='word_1_50' title='bbox 1461 1579 1552 1649; x_wconf 89' lang='lat' dir='ltr'><strong>affir-</strong></span> 
     </span>
     <span class='ocr_line' id='line_1_9' title="bbox 502 1694 1549 1787; baseline -0.003 -19"><span class='ocrx_word' id='word_1_51' title='bbox 502 1700 618 1770; x_wconf 92' lang='lat' dir='ltr'><strong>mabo.</strong></span> <span class='ocrx_word' id='word_1_52' title='bbox 670 1697 834 1767; x_wconf 77' lang='lat' dir='ltr'><strong>&#39;Intuere</strong></span> <span class='ocrx_word' id='word_1_53' title='bbox 860 1696 1041 1765; x_wconf 90' lang='lat' dir='ltr'><strong>hominem</strong></span> <span class='ocrx_word' id='word_1_54' title='bbox 1066 1694 1241 1787; x_wconf 89' lang='lat' dir='ltr'><strong>templum</strong></span> <span class='ocrx_word' id='word_1_55' title='bbox 1262 1718 1337 1767; x_wconf 91' lang='lat' dir='ltr'><strong>esse</strong></span> <span class='ocrx_word' id='word_1_56' title='bbox 1361 1695 1549 1787; x_wconf 82' lang='lat' dir='ltr'>quoddam,</span> 
     </span>
     <span class='ocr_line' id='line_1_10' title="bbox 503 1811 1550 1906; baseline -0.003 -21"><span class='ocrx_word' id='word_1_57' title='bbox 503 1817 596 1885; x_wconf 88' lang='lat' dir='ltr'><strong>sient</strong></span> <span class='ocrx_word' id='word_1_58' title='bbox 622 1814 792 1906; x_wconf 86' lang='lat' dir='ltr'><strong>seriptum</strong></span> <span class='ocrx_word' id='word_1_59' title='bbox 817 1821 891 1894; x_wconf 81' lang='lat' dir='ltr'><strong>est3</strong></span> <span class='ocrx_word' id='word_1_60' title='bbox 918 1813 1060 1903; x_wconf 86' lang='lat' dir='ltr'><strong>spiritus</strong></span> <span class='ocrx_word' id='word_1_61' title='bbox 1085 1820 1216 1892; x_wconf 87' lang='lat' dir='ltr'><strong>autem,</strong></span> <span class='ocrx_word' id='word_1_62' title='bbox 1234 1811 1294 1902; x_wconf 94' lang='lat' dir='ltr'><strong>qui</strong></span> <span class='ocrx_word' id='word_1_63' title='bbox 1321 1812 1357 1880; x_wconf 92' lang='lat' dir='ltr'><strong>in</strong></span> <span class='ocrx_word' id='word_1_64' title='bbox 1384 1813 1459 1903; x_wconf 90' lang='lat' dir='ltr'><strong>ipso</strong></span> <span class='ocrx_word' id='word_1_65' title='bbox 1485 1822 1550 1892; x_wconf 88' lang='lat' dir='ltr'><strong>est,</strong></span> 
     </span>
     <span class='ocr_line' id='line_1_11' title="bbox 503 1925 1551 2019; baseline -0.003 -20"><span class='ocrx_word' id='word_1_66' title='bbox 503 1931 632 1999; x_wconf 84' lang='lat' dir='ltr'><strong>referat</strong></span> <span class='ocrx_word' id='word_1_67' title='bbox 658 1930 734 2019; x_wconf 86' lang='lat' dir='ltr'><strong>ejus</strong></span> <span class='ocrx_word' id='word_1_68' title='bbox 759 1928 919 2010; x_wconf 84' lang='lat' dir='ltr'><strong>formam,</strong></span> <span class='ocrx_word' id='word_1_69' title='bbox 937 1928 997 2019; x_wconf 93' lang='lat' dir='ltr'><strong>qui</strong></span> <span class='ocrx_word' id='word_1_70' title='bbox 1021 1925 1197 1996; x_wconf 81' lang='lat' dir='ltr'><strong>inhabitat</strong></span> <span class='ocrx_word' id='word_1_71' title='bbox 1215 1926 1410 2018; x_wconf 81' lang='lat' dir='ltr'><strong>templum3</strong></span> <span class='ocrx_word' id='word_1_72' title='bbox 1436 1950 1551 2018; x_wconf 90' lang='lat' dir='ltr'><strong>neque</strong></span> 
     </span>
     <span class='ocr_line' id='line_1_12' title="bbox 502 2043 1551 2138; baseline -0.003 -23"><span class='ocrx_word' id='word_1_73' title='bbox 502 2068 587 2138; x_wconf 85' lang='lat' dir='ltr'><strong>ergo</strong></span> <span class='ocrx_word' id='word_1_74' title='bbox 622 2044 796 2137; x_wconf 88' lang='lat' dir='ltr'><strong>templum</strong></span> <span class='ocrx_word' id='word_1_75' title='bbox 831 2043 999 2113; x_wconf 84' lang='lat' dir='ltr'><strong>constitui</strong></span> <span class='ocrx_word' id='word_1_76' title='bbox 1034 2052 1160 2134; x_wconf 86' lang='lat' dir='ltr'><strong>potest,</strong></span> <span class='ocrx_word' id='word_1_77' title='bbox 1197 2065 1267 2111; x_wconf 94' lang='lat' dir='ltr'><strong>non</strong></span> <span class='ocrx_word' id='word_1_78' title='bbox 1302 2044 1422 2136; x_wconf 81' lang='lat' dir='ltr'><strong>agnito</strong></span> <span class='ocrx_word' id='word_1_79' title='bbox 1456 2045 1551 2135; x_wconf 89' lang='lat' dir='ltr'><strong>prius</strong></span> 
     </span>
     <span class='ocr_line' id='line_1_13' title="bbox 503 2157 1551 2250; baseline -0.001 -22"><span class='ocrx_word' id='word_1_80' title='bbox 503 2159 702 2230; x_wconf 89' lang='lat' dir='ltr'><strong>habitatore</strong></span> <span class='ocrx_word' id='word_1_81' title='bbox 733 2157 869 2250; x_wconf 89' lang='lat' dir='ltr'><strong>templi,</strong></span> <span class='ocrx_word' id='word_1_82' title='bbox 901 2181 1018 2249; x_wconf 90' lang='lat' dir='ltr'><strong>neque</strong></span> <span class='ocrx_word' id='word_1_83' title='bbox 1044 2157 1260 2227; x_wconf 81' lang='lat' dir='ltr'><strong>inhabitator</strong></span> <span class='ocrx_word' id='word_1_84' title='bbox 1290 2157 1493 2239; x_wconf 82' lang='lat' dir='ltr'><strong>collocatur,</strong></span> <span class='ocrx_word' id='word_1_85' title='bbox 1522 2160 1551 2228; x_wconf 89' lang='lat' dir='ltr'><strong>si</strong></span> 
     </span>
     <span class='ocr_line' id='line_1_14' title="bbox 504 2273 1552 2367; baseline 0 -24"><span class='ocrx_word' id='word_1_86' title='bbox 504 2275 678 2366; x_wconf 87' lang='lat' dir='ltr'><strong>templum</strong></span> <span class='ocrx_word' id='word_1_87' title='bbox 704 2276 846 2343; x_wconf 88' lang='lat' dir='ltr'><strong>nonsit</strong></span> <span class='ocrx_word' id='word_1_88' title='bbox 872 2284 1088 2343; x_wconf 84' lang='lat' dir='ltr'><strong>extructum.</strong></span> <span class='ocrx_word' id='word_1_89' title='bbox 1139 2273 1232 2343; x_wconf 87' lang='lat' dir='ltr'><strong>Cum</strong></span> <span class='ocrx_word' id='word_1_90' title='bbox 1260 2297 1344 2367; x_wconf 88' lang='lat' dir='ltr'><strong>ergo</strong></span> <span class='ocrx_word' id='word_1_91' title='bbox 1374 2283 1552 2365; x_wconf 85' lang='lat' dir='ltr'><strong>utrunque</strong></span> 
     </span>
    </p>
   </div>
   <div class='ocr_carea' id='block_1_3' title="bbox 398 2381 1550 2480">
    <p class='ocr_par' dir='ltr' id='par_1_4' title="bbox 398 2381 1550 2480">
     <span class='ocr_line' id='line_1_15' title="bbox 398 2381 1550 2480; baseline 0 -22"><span class='ocrx_word' id='word_1_92' title='bbox 398 2381 401 2386; x_wconf 67' lang='grc'><strong>’</strong></span> <span class='ocrx_word' id='word_1_93' title='bbox 503 2413 574 2459; x_wconf 92' lang='lat' dir='ltr'><strong>una</strong></span> <span class='ocrx_word' id='word_1_94' title='bbox 590 2413 631 2459; x_wconf 89' lang='lat' dir='ltr'><strong>ae</strong></span> <span class='ocrx_word' id='word_1_95' title='bbox 648 2389 780 2480; x_wconf 90' lang='lat' dir='ltr'><strong>pariter</strong></span> <span class='ocrx_word' id='word_1_96' title='bbox 796 2388 1000 2472; x_wconf 60' lang='lat' dir='ltr'><strong>dedicatum</strong></span> <span class='ocrx_word' id='word_1_97' title='bbox 1028 2389 1206 2480; x_wconf 92' lang='lat' dir='ltr'><strong>quomodo</strong></span> <span class='ocrx_word' id='word_1_98' title='bbox 1229 2389 1267 2457; x_wconf 91' lang='lat' dir='ltr'><strong>in</strong></span> <span class='ocrx_word' id='word_1_99' title='bbox 1290 2388 1345 2459; x_wconf 91' lang='lat' dir='ltr'><strong>his</strong></span> <span class='ocrx_word' id='word_1_100' title='bbox 1369 2389 1550 2459; x_wconf 79' lang='lat' dir='ltr'><strong>inimicum</strong></span> 
     </span>
    </p>
   </div>
   <div class='ocr_carea' id='block_1_4' title="bbox 422 2504 1561 4097">
    <p class='ocr_par' dir='ltr' id='par_1_5' title="bbox 422 2504 1561 4097">
     <span class='ocr_line' id='line_1_16' title="bbox 503 2504 1552 2597; baseline 0.002 -23"><span class='ocrx_word' id='word_1_101' title='bbox 503 2504 636 2595; x_wconf 89' lang='lat' dir='ltr'><strong>aliquid</strong></span> <span class='ocrx_word' id='word_1_102' title='bbox 655 2512 717 2574; x_wconf 87' lang='lat' dir='ltr'><strong>aut</strong></span> <span class='ocrx_word' id='word_1_103' title='bbox 735 2505 948 2575; x_wconf 88' lang='lat' dir='ltr'><strong>eontrarium</strong></span> <span class='ocrx_word' id='word_1_104' title='bbox 968 2505 1115 2574; x_wconf 83' lang='lat' dir='ltr'><strong>inveniri</strong></span> <span class='ocrx_word' id='word_1_105' title='bbox 1142 2514 1270 2596; x_wconf 91' lang='lat' dir='ltr'><strong>potest,</strong></span> <span class='ocrx_word' id='word_1_106' title='bbox 1288 2515 1325 2575; x_wconf 89' lang='lat' dir='ltr'><strong>et</strong></span> <span class='ocrx_word' id='word_1_107' title='bbox 1345 2528 1417 2574; x_wconf 90' lang='lat' dir='ltr'><strong>uon</strong></span> <span class='ocrx_word' id='word_1_108' title='bbox 1434 2507 1552 2597; x_wconf 86' lang='lat' dir='ltr'><strong>potius</strong></span> 
     </span>
     <span class='ocr_line' id='line_1_17' title="bbox 504 2620 1552 2712; baseline 0.001 -23"><span class='ocrx_word' id='word_1_109' title='bbox 504 2621 549 2689; x_wconf 92' lang='lat' dir='ltr'><strong>ab</strong></span> <span class='ocrx_word' id='word_1_110' title='bbox 576 2621 707 2702; x_wconf 90' lang='lat' dir='ltr'><strong>amieis,</strong></span> <span class='ocrx_word' id='word_1_111' title='bbox 728 2628 836 2712; x_wconf 89' lang='lat' dir='ltr'><strong>atque</strong></span> <span class='ocrx_word' id='word_1_112' title='bbox 862 2622 958 2691; x_wconf 89' lang='lat' dir='ltr'><strong>idem</strong></span> <span class='ocrx_word' id='word_1_113' title='bbox 985 2620 1184 2692; x_wconf 84' lang='lat' dir='ltr'><strong>volentibus</strong></span> <span class='ocrx_word' id='word_1_114' title='bbox 1210 2630 1387 2711; x_wconf 88' lang='lat' dir='ltr'><strong>utrunque</strong></span> <span class='ocrx_word' id='word_1_115' title='bbox 1414 2620 1552 2690; x_wconf 82' lang='lat' dir='ltr'><strong>videtur</strong></span> 
     </span>
     <span class='ocr_line' id='line_1_18' title="bbox 504 2735 1553 2829; baseline 0 -23"><span class='ocrx_word' id='word_1_116' title='bbox 504 2735 693 2807; x_wconf 76' lang='lat' dir='ltr'><strong>effectum?</strong></span> <span class='ocrx_word' id='word_1_117' title='bbox 740 2737 788 2807; x_wconf 86' lang='lat' dir='ltr'><strong>Et</strong></span> <span class='ocrx_word' id='word_1_118' title='bbox 814 2746 855 2806; x_wconf 92' lang='lat' dir='ltr'><strong>ut</strong></span> <span class='ocrx_word' id='word_1_119' title='bbox 877 2737 976 2818; x_wconf 82' lang='lat' dir='ltr'><strong>seiae,</strong></span> <span class='ocrx_word' id='word_1_120' title='bbox 995 2736 1160 2827; x_wconf 89' lang='lat' dir='ltr'><strong>quoniam</strong></span> <span class='ocrx_word' id='word_1_121' title='bbox 1187 2744 1225 2804; x_wconf 86' lang='lat' dir='ltr'><strong>et</strong></span> <span class='ocrx_word' id='word_1_122' title='bbox 1250 2735 1415 2816; x_wconf 80' lang='lat' dir='ltr'><strong>amicitia,</strong></span> <span class='ocrx_word' id='word_1_123' title='bbox 1433 2744 1471 2805; x_wconf 91' lang='lat' dir='ltr'><strong>et</strong></span> <span class='ocrx_word' id='word_1_124' title='bbox 1490 2759 1553 2829; x_wconf 88' lang='lat' dir='ltr'><strong>ge-</strong></span> 
     </span>
     <span class='ocr_line' id='line_1_19' title="bbox 422 2849 1552 2944; baseline 0.002 -24"><span class='ocrx_word' id='word_1_125' title='bbox 422 2853 429 2874; x_wconf 64' lang='lat'><strong>*</strong></span> <span class='ocrx_word' id='word_1_126' title='bbox 504 2875 587 2921; x_wconf 89' lang='lat' dir='ltr'><strong>nere</strong></span> <span class='ocrx_word' id='word_1_127' title='bbox 617 2854 797 2944; x_wconf 86' lang='lat' dir='ltr'><strong>eonjuneti</strong></span> <span class='ocrx_word' id='word_1_128' title='bbox 829 2860 922 2932; x_wconf 86' lang='lat' dir='ltr'><strong>sunt,</strong></span> <span class='ocrx_word' id='word_1_129' title='bbox 952 2852 1035 2943; x_wconf 72' lang='lat' dir='ltr'><strong>aqui</strong></span> <span class='ocrx_word' id='word_1_130' title='bbox 1066 2852 1133 2921; x_wconf 87' lang='lat' dir='ltr'><strong>seit</strong></span> <span class='ocrx_word' id='word_1_131' title='bbox 1162 2861 1200 2920; x_wconf 93' lang='lat' dir='ltr'><strong>et</strong></span> <span class='ocrx_word' id='word_1_132' title='bbox 1229 2852 1339 2933; x_wconf 90' lang='lat' dir='ltr'><strong>audit,</strong></span> <span class='ocrx_word' id='word_1_133' title='bbox 1365 2849 1552 2922; x_wconf 78' lang='lat' dir='ltr'><strong>Faciamus</strong></span> 
     </span>
     <span class='ocr_line' id='line_1_20' title="bbox 504 2963 1551 3058; baseline 0.002 -23"><span class='ocrx_word' id='word_1_134' title='bbox 504 2963 686 3050; x_wconf 76' lang='lat' dir='ltr'><strong>hominem,</strong></span> <span class='ocrx_word' id='word_1_135' title='bbox 721 2977 758 3036; x_wconf 89' lang='lat' dir='ltr'><strong>et</strong></span> <span class='ocrx_word' id='word_1_136' title='bbox 794 2967 937 3058; x_wconf 86' lang='lat' dir='ltr'><strong>reliqua,</strong></span> <span class='ocrx_word' id='word_1_137' title='bbox 974 2967 1164 3057; x_wconf 90' lang='lat' dir='ltr'><strong>respondit.</strong></span> <span class='ocrx_word' id='word_1_138' title='bbox 1219 2963 1315 3035; x_wconf 76' lang='lat' dir='ltr'><strong>rHio</strong></span> <span class='ocrx_word' id='word_1_139' title='bbox 1349 2967 1457 3049; x_wconf 88' lang='lat' dir='ltr'><strong>enim,</strong></span> <span class='ocrx_word' id='word_1_140' title='bbox 1490 2969 1551 3058; x_wconf 93' lang='lat' dir='ltr'><strong>qui</strong></span> 
     </span>
     <span class='ocr_line' id='line_1_21' title="bbox 505 3078 1561 3173; baseline 0.005 -24"><span class='ocrx_word' id='word_1_141' title='bbox 505 3081 678 3172; x_wconf 88' lang='lat' dir='ltr'><strong>tempium</strong></span> <span class='ocrx_word' id='word_1_142' title='bbox 719 3082 864 3162; x_wconf 84' lang='lat' dir='ltr'><strong>extruit,</strong></span> <span class='ocrx_word' id='word_1_143' title='bbox 904 3082 1098 3173; x_wconf 83' lang='lat' dir='ltr'><strong>interrogat</strong></span> <span class='ocrx_word' id='word_1_144' title='bbox 1136 3078 1247 3162; x_wconf 87' lang='lat' dir='ltr'><strong>illum,</strong></span> <span class='ocrx_word' id='word_1_145' title='bbox 1289 3081 1349 3171; x_wconf 90' lang='lat' dir='ltr'><strong>qui</strong></span> <span class='ocrx_word' id='word_1_146' title='bbox 1387 3081 1561 3156; x_wconf 82' lang='lat' dir='ltr'><strong>informat</strong></span> 
     </span>
     <span class='ocr_line' id='line_1_22' title="bbox 504 3193 1553 3289; baseline 0.005 -26"><span class='ocrx_word' id='word_1_147' title='bbox 504 3193 740 3278; x_wconf 88' lang='lat' dir='ltr'><strong>simulaerum,</strong></span> <span class='ocrx_word' id='word_1_148' title='bbox 778 3218 1028 3286; x_wconf 81' lang='lat' dir='ltr'><strong>mensurasque</strong></span> <span class='ocrx_word' id='word_1_149' title='bbox 1067 3196 1173 3265; x_wconf 88' lang='lat' dir='ltr'><strong>etiam</strong></span> <span class='ocrx_word' id='word_1_150' title='bbox 1217 3196 1478 3289; x_wconf 85' lang='lat' dir='ltr'><strong>magnitudinis,</strong></span> <span class='ocrx_word' id='word_1_151' title='bbox 1511 3220 1553 3268; x_wconf 89' lang='lat' dir='ltr'><strong>ao</strong></span> 
     </span>
     <span class='ocr_line' id='line_1_23' title="bbox 504 3308 1554 3403; baseline 0.005 -26"><span class='ocrx_word' id='word_1_152' title='bbox 504 3308 713 3392; x_wconf 87' lang='lat' dir='ltr'><strong>latitudinis,</strong></span> <span class='ocrx_word' id='word_1_153' title='bbox 732 3312 975 3403; x_wconf 83' lang='lat' dir='ltr'><strong>vastitatisque</strong></span> <span class='ocrx_word' id='word_1_154' title='bbox 1001 3309 1181 3403; x_wconf 80' lang='lat' dir='ltr'><strong>perquirit,</strong></span> <span class='ocrx_word' id='word_1_155' title='bbox 1206 3319 1247 3379; x_wconf 94' lang='lat' dir='ltr'><strong>ut</strong></span> <span class='ocrx_word' id='word_1_156' title='bbox 1271 3311 1323 3380; x_wconf 91' lang='lat' dir='ltr'><strong>ita</strong></span> <span class='ocrx_word' id='word_1_157' title='bbox 1346 3312 1554 3382; x_wconf 86' lang='lat' dir='ltr'><strong>fundamen-</strong></span> 
     </span>
     <span class='ocr_line' id='line_1_24' title="bbox 505 3419 1554 3519; baseline 0.005 -27"><span class='ocrx_word' id='word_1_158' title='bbox 505 3433 622 3494; x_wconf 89' lang='lat' dir='ltr'><strong>torum</strong></span> <span class='ocrx_word' id='word_1_159' title='bbox 643 3419 973 3517; x_wconf 72' lang='lat' dir='ltr'><strong>spatia&#39;desoribet3</strong></span> <span class='ocrx_word' id='word_1_160' title='bbox 999 3428 1235 3518; x_wconf 90' lang='lat' dir='ltr'><strong>nequeenim</strong></span> <span class='ocrx_word' id='word_1_161' title='bbox 1261 3429 1297 3497; x_wconf 94' lang='lat' dir='ltr'><strong>in</strong></span> <span class='ocrx_word' id='word_1_162' title='bbox 1320 3450 1449 3497; x_wconf 88' lang='lat' dir='ltr'><strong>vanum</strong></span> <span class='ocrx_word' id='word_1_163' title='bbox 1475 3429 1554 3519; x_wconf 93' lang='lat' dir='ltr'><strong>quis</strong></span> 
     </span>
     <span class='ocr_line' id='line_1_25' title="bbox 505 3541 1554 3629; baseline 0.004 -22"><span class='ocrx_word' id='word_1_164' title='bbox 505 3541 679 3629; x_wconf 90' lang='lat' dir='ltr'><strong>templum</strong></span> <span class='ocrx_word' id='word_1_165' title='bbox 706 3543 850 3624; x_wconf 85' lang='lat' dir='ltr'><strong>extruit,</strong></span> <span class='ocrx_word' id='word_1_166' title='bbox 870 3543 935 3610; x_wconf 89' lang='lat' dir='ltr'><strong>nisi</strong></span> <span class='ocrx_word' id='word_1_167' title='bbox 964 3562 1145 3611; x_wconf 83' lang='lat' dir='ltr'><strong>mensuras</strong></span> <span class='ocrx_word' id='word_1_168' title='bbox 1170 3541 1364 3611; x_wconf 76' lang='lat' dir='ltr'><strong>collocandi</strong></span> <span class='ocrx_word' id='word_1_169' title='bbox 1391 3543 1554 3613; x_wconf 76' lang='lat' dir='ltr'><strong>didicerit</strong></span> 
     </span>
     <span class='ocr_line' id='line_1_26' title="bbox 505 3655 1554 3749; baseline 0.005 -24"><span class='ocrx_word' id='word_1_170' title='bbox 505 3656 691 3726; x_wconf 80' lang='lat' dir='ltr'><strong>simulacri.</strong></span> <span class='ocrx_word' id='word_1_171' title='bbox 744 3655 917 3726; x_wconf 88' lang='lat' dir='ltr'><strong>Similiter</strong></span> <span class='ocrx_word' id='word_1_172' title='bbox 943 3657 1053 3749; x_wconf 81' lang='lat' dir='ltr'><strong>igitur</strong></span> <span class='ocrx_word' id='word_1_173' title='bbox 1079 3656 1294 3749; x_wconf 87' lang='lat' dir='ltr'><strong>perquiritur</strong></span> <span class='ocrx_word' id='word_1_174' title='bbox 1322 3659 1448 3729; x_wconf 89' lang='lat' dir='ltr'><strong>modus</strong></span> <span class='ocrx_word' id='word_1_175' title='bbox 1478 3682 1554 3730; x_wconf 88' lang='lat' dir='ltr'><strong>eor·</strong></span> 
     </span>
     <span class='ocr_line' id='line_1_27' title="bbox 505 3771 1553 3864; baseline 0.005 -26"><span class='ocrx_word' id='word_1_176' title='bbox 505 3771 610 3862; x_wconf 87' lang='lat' dir='ltr'><strong>poris,</strong></span> <span class='ocrx_word' id='word_1_177' title='bbox 637 3781 745 3863; x_wconf 88' lang='lat' dir='ltr'><strong>atque</strong></span> <span class='ocrx_word' id='word_1_178' title='bbox 775 3793 947 3852; x_wconf 90' lang='lat' dir='ltr'><strong>mensura,</strong></span> <span class='ocrx_word' id='word_1_179' title='bbox 977 3780 1017 3840; x_wconf 92' lang='lat' dir='ltr'><strong>ut</strong></span> <span class='ocrx_word' id='word_1_180' title='bbox 1048 3774 1157 3864; x_wconf 87' lang='lat' dir='ltr'><strong>possit</strong></span> <span class='ocrx_word' id='word_1_181' title='bbox 1184 3785 1266 3864; x_wconf 91' lang='lat' dir='ltr'><strong>apte</strong></span> <span class='ocrx_word' id='word_1_182' title='bbox 1297 3772 1334 3842; x_wconf 92' lang='lat' dir='ltr'><strong>in</strong></span> <span class='ocrx_word' id='word_1_183' title='bbox 1364 3796 1407 3843; x_wconf 91' lang='lat' dir='ltr'><strong>eo</strong></span> <span class='ocrx_word' id='word_1_184' title='bbox 1436 3775 1553 3844; x_wconf 87' lang='lat' dir='ltr'><strong>anima</strong></span> 
     </span>
     <span class='ocr_line' id='line_1_28' title="bbox 506 3883 1553 3970; baseline 0.005 -18"><span class='ocrx_word' id='word_1_185' title='bbox 506 3883 669 3954; x_wconf 83' lang='lat' dir='ltr'><strong>collocari</strong></span> <span class='ocrx_word' id='word_1_186' title='bbox 698 3886 744 3955; x_wconf 91' lang='lat' dir='ltr'><strong>ab</strong></span> <span class='ocrx_word' id='word_1_187' title='bbox 773 3887 908 3958; x_wconf 82' lang='lat' dir='ltr'><strong>artifice</strong></span> <span class='ocrx_word' id='word_1_188' title='bbox 938 3888 1097 3956; x_wconf 90' lang='lat' dir='ltr'><strong>omnium</strong></span> <span class='ocrx_word' id='word_1_189' title='bbox 1123 3887 1214 3956; x_wconf 92' lang='lat' dir='ltr'><strong>Deo.</strong></span> <span class='ocrx_word' id='word_1_190' title='bbox 1267 3886 1372 3970; x_wconf 84' lang='lat' dir='ltr'><strong>Quod</strong></span> <span class='ocrx_word' id='word_1_191' title='bbox 1403 3888 1553 3958; x_wconf 84' lang='lat' dir='ltr'><strong>sidicat</strong></span> 
     </span>
     <span class='ocr_line' id='line_1_29' title="bbox 505 3998 1553 4097; baseline 0.01 -32"><span class='ocrx_word' id='word_1_192' title='bbox 505 3998 585 4088; x_wconf 90' lang='lat' dir='ltr'><strong>quis</strong></span> <span class='ocrx_word' id='word_1_193' title='bbox 617 3999 802 4070; x_wconf 83' lang='lat' dir='ltr'><strong>inimicum</strong></span> <span class='ocrx_word' id='word_1_194' title='bbox 835 4024 910 4073; x_wconf 92' lang='lat' dir='ltr'><strong>esse</strong></span> <span class='ocrx_word' id='word_1_195' title='bbox 938 4026 1033 4085; x_wconf 92' lang='lat' dir='ltr'><strong>eum,</strong></span> <span class='ocrx_word' id='word_1_196' title='bbox 1065 4003 1125 4094; x_wconf 94' lang='lat' dir='ltr'><strong>qui</strong></span> <span class='ocrx_word' id='word_1_197' title='bbox 1156 4002 1381 4096; x_wconf 83' lang='lat' dir='ltr'><strong>plasmaverit</strong></span> <span class='ocrx_word' id='word_1_198' title='bbox 1407 4026 1553 4097; x_wconf 86' lang='lat' dir='ltr'><strong>eorpus;</strong></span> 
     </span>
    </p>
   </div>
   <div class='ocr_carea' id='block_1_5' title="bbox 505 4252 1556 4500">
    <p class='ocr_par' dir='ltr' id='par_1_6' title="bbox 505 4252 1556 4500">
     <span class='ocr_line' id='line_1_30' title="bbox 546 4252 913 4328; baseline 0.016 -22"><span class='ocrx_word' id='word_1_199' title='bbox 546 4260 562 4305; x_wconf 74' lang='grc' dir='ltr'><strong>Ρ</strong></span> <span class='ocrx_word' id='word_1_200' title='bbox 580 4252 659 4324; x_wconf 83' lang='lat' dir='ltr'><strong>[For.</strong></span> <span class='ocrx_word' id='word_1_201' title='bbox 674 4255 720 4328; x_wconf 80' lang='lat' dir='ltr'><strong>qm‘</strong></span> <span class='ocrx_word' id='word_1_202' title='bbox 732 4255 801 4311; x_wconf 80' lang='lat' dir='ltr'><strong>scite</strong></span> <span class='ocrx_word' id='word_1_203' title='bbox 814 4255 913 4328; x_wconf 74' lang='lat' dir='ltr'><strong>ondit]</strong></span> 
     </span>
     <span class='ocr_line' id='line_1_31' title="bbox 546 4348 1556 4427; baseline 0.006 -26"><span class='ocrx_word' id='word_1_204' title='bbox 546 4348 672 4414; x_wconf 76' lang='lat' dir='ltr'><strong>(rForte.</strong></span> <span class='ocrx_word' id='word_1_205' title='bbox 688 4351 738 4408; x_wconf 76' lang='lat' dir='ltr'><strong>sic</strong></span> <span class='ocrx_word' id='word_1_206' title='bbox 759 4354 827 4408; x_wconf 83' lang='lat' dir='ltr'><strong>enim</strong></span> <span class='ocrx_word' id='word_1_207' title='bbox 846 4354 893 4427; x_wconf 78' lang='lat' dir='ltr'><strong>qui</strong></span> <span class='ocrx_word' id='word_1_208' title='bbox 911 4353 1038 4427; x_wconf 82' lang='lat' dir='ltr'><strong>templum</strong></span> <span class='ocrx_word' id='word_1_209' title='bbox 1054 4353 1165 4409; x_wconf 74' lang='lat' dir='ltr'><strong>estruit.</strong></span> <span class='ocrx_word' id='word_1_210' title='bbox 1210 4353 1242 4409; x_wconf 89' lang='lat' dir='ltr'><strong>In</strong></span> <span class='ocrx_word' id='word_1_211' title='bbox 1265 4352 1363 4409; x_wconf 85' lang='lat' dir='ltr'><strong>codice</strong></span> <span class='ocrx_word' id='word_1_212' title='bbox 1386 4351 1460 4409; x_wconf 90' lang='lat' dir='ltr'><strong>enim</strong></span> <span class='ocrx_word' id='word_1_213' title='bbox 1484 4360 1556 4415; x_wconf 63' lang='lat' dir='ltr'><strong>erat</strong></span> 
     </span>
     <span class='ocr_line' id='line_1_32' title="bbox 505 4445 617 4500; baseline 0.018 -2"><span class='ocrx_word' id='word_1_214' title='bbox 505 4445 617 4500; x_wconf 74' lang='lat' dir='ltr'><strong>estreis.</strong></span> 
     </span>
    </p>
   </div>
   <div class='ocr_carea' id='block_1_6' title="bbox 589 4632 1473 4715">
    <p class='ocr_par' dir='ltr' id='par_1_7' title="bbox 589 4632 1473 4715">
     <span class='ocr_line' id='line_1_33' title="bbox 589 4632 1473 4715; baseline 0.006 -27"><span class='ocrx_word' id='word_1_215' title='bbox 589 4637 595 4665; x_wconf 90' lang='lat'>¹</span> <span class='ocrx_word' id='word_1_216' title='bbox 626 4632 717 4690; x_wconf 79' lang='lat' dir='ltr'><strong>scor.</strong></span> <span class='ocrx_word' id='word_1_217' title='bbox 727 4634 774 4689; x_wconf 88' lang='lat' dir='ltr'><strong>xii.</strong></span> <span class='ocrx_word' id='word_1_218' title='bbox 788 4635 834 4690; x_wconf 89' lang='lat'><strong>18.</strong></span> <span class='ocrx_word' id='word_1_219' title='bbox 959 4643 969 4670; x_wconf 88' lang='lat'>²</span> <span class='ocrx_word' id='word_1_220' title='bbox 996 4656 1006 4694; x_wconf 91' lang='lat'>1</span> <span class='ocrx_word' id='word_1_221' title='bbox 1023 4638 1090 4695; x_wconf 89' lang='lat' dir='ltr'><strong>Cor.</strong></span> <span class='ocrx_word' id='word_1_222' title='bbox 1103 4638 1141 4695; x_wconf 87' lang='lat' dir='ltr'><strong>iii.</strong></span> <span class='ocrx_word' id='word_1_223' title='bbox 1158 4655 1203 4715; x_wconf 90' lang='lat'><strong>17.</strong></span> <span class='ocrx_word' id='word_1_224' title='bbox 1226 4648 1256 4696; x_wconf 88' lang='lat' dir='ltr'><strong>et</strong></span> <span class='ocrx_word' id='word_1_225' title='bbox 1272 4640 1412 4697; x_wconf 71' lang='lat' dir='ltr'><strong>aconei.</strong></span> <span class='ocrx_word' id='word_1_226' title='bbox 1429 4637 1473 4694; x_wconf 86' lang='lat'><strong>16.</strong></span> 
     </span>
    </p>
   </div>
   <div class='ocr_carea' id='block_1_7' title="bbox 0 0 1922 5692">
    <p class='ocr_par' dir='ltr' id='par_1_8' title="bbox 0 0 1922 5692">
     <span class='ocr_line' id='line_1_34' title="bbox 0 0 1922 5692; baseline 0 0"><span class='ocrx_word' id='word_1_227' title='bbox 0 0 1922 5692; x_wconf 95' lang='lat' dir='ltr'><strong> </strong></span> 
     </span>
    </p>
   </div>
  </div>
 </body>
</html>
