3817 5692
478 699 522 765 98
702 695 955 757 ARCHELAI
989 695 1052 755 ET
1086 693 1305 755 MANETIS

478 890 542 939 rex
568 867 694 959 aliquis
720 879 902 959 oppugnat
929 869 1054 936 turrim
1079 866 1194 935 valido
1218 888 1319 934 muro
1345 865 1528 933 circunda-

478 993 564 1067 tam,
582 982 728 1052 adhibet
746 984 858 1073 primo
877 981 1045 1062 ballistas,
1064 992 1101 1050 et
1113 980 1244 1072 jacula,
1263 979 1443 1048 securibus
1466 980 1527 1049 de-

478 1100 562 1170 inde
588 1108 707 1190 portae
723 1099 900 1178 excidere,
919 1107 1026 1187 atque
1053 1096 1223 1166 arietibus
1243 1117 1363 1163 muros
1379 1105 1527 1164 conatur

479 1225 657 1296 evertere;
685 1223 820 1284 etcum
844 1212 1048 1290 obtinuerit,
1067 1222 1143 1280 tum
1170 1212 1315 1279 demum
1340 1211 1527 1303 ingressus,

479 1355 557 1423 quae
580 1331 735 1412 libuerit,
760 1331 854 1422 agit,
871 1331 945 1398 sive
973 1328 1130 1419 captivos
1155 1326 1273 1418 placet
1296 1327 1390 1396 cives
1418 1326 1528 1396 addu-

479 1470 568 1530 cere,
587 1449 661 1517 sive
684 1454 813 1516 cuncta
835 1445 1048 1522 subvertere,
1067 1443 1266 1519 autetiam,
1289 1443 1317 1510 si
1344 1441 1526 1532 placuerit,

478 1573 620 1656 rogatus
645 1561 816 1654 indulget.
869 1559 965 1640 Quid
991 1581 1075 1649 ergo
1100 1557 1186 1626 dicit
1212 1556 1303 1626 iste?
1332 1554 1417 1625 Non
1444 1557 1528 1625 sub·

479 1677 618 1757 stantia,
652 1675 687 1744 id
718 1684 783 1755 est,
818 1676 998 1766 proposito
1032 1672 1249 1741 adversarius
1280 1672 1359 1763 quis
1388 1671 1526 1762 dejecit,

480 1793 575 1884 quod
605 1791 832 1881 interjectum
863 1788 980 1857 fuerat
1006 1784 1294 1856 munimentum?
1329 1788 1364 1855 in
1395 1809 1527 1878 praece·

479 1907 645 1975 dentibus
670 1908 765 1975 anim
791 1903 968 1997 professus
991 1913 1054 1980 est,
1073 1903 1156 1994 quia
1181 1903 1448 1994 supervenerint
1474 1911 1528 1972 te·

479 2021 596 2090 nebrae
614 2043 660 2089 ex
679 2021 825 2111 propriis
843 2020 973 2088 finibus
991 2018 1027 2087 in
1045 2040 1192 2110 regnum
1213 2016 1281 2087 Dei
1301 2017 1395 2086 boni.
1438 2016 1527 2099 Quis

479 2138 575 2228 prius
609 2136 738 2226 dejecit
773 2132 1035 2203 munitionem?
1073 2131 1296 2224 Impossibile
1326 2134 1422 2201 enim
1451 2140 1527 2201 erat

478 2250 614 2343 ingredi
640 2250 784 2331 malum,
812 2250 1009 2317 munitione
1036 2256 1231 2317 constante.
1284 2247 1379 2330 Quid
1407 2247 1526 2317 taces?

480 2362 576 2447 Quid
606 2364 751 2432 moraris
786 2373 835 2444 tu,
866 2361 1094 2431 Manicbaeel
1126 2362 1273 2431 Etiamsi
1306 2372 1346 2430 tu
1376 2361 1525 2443 differas,

479 2478 663 2571 aggrediar
688 2500 768 2547 mea
793 2486 928 2569 sponte.
982 2476 1021 2546 Si
1048 2478 1140 2546 enirn
1169 2478 1308 2558 dixeris,
1327 2477 1410 2567 quia
1427 2474 1526 2546 Deus

480 2592 703 2673 destruxerit,
727 2592 902 2682 requiram
923 2591 1007 2683 quid
1032 2613 1115 2660 eum
1141 2591 1293 2659 moverit
1317 2590 1362 2659 ad
1389 2591 1528 2659 destm-

479 2706 610 2775 endum
628 2706 703 2788 boc,
722 2708 815 2798 quod
841 2709 937 2799 prius
963 2715 1106 2798 propter
1128 2706 1434 2796 importunitatem
1453 2725 1527 2773 ma·

480 2819 576 2913 ligni,
595 2830 632 2890 et
649 2824 910 2912 separationem
928 2824 1003 2912 ipse
1024 2818 1258 2889 extruxerat?
1285 2818 1381 2903 Quid
1407 2821 1525 2898 iratus,

479 2947 542 3005 aut
560 2939 643 3027 qnid
662 2937 780 3006 damni
804 2959 997 3028 perpessus,
1016 2936 1201 3005 adversum
1220 2957 1257 3005 se
1278 2935 1353 3026 ipse
1371 2956 1526 3025 pugnare

479 3048 689 3118 contendit?
716 3046 792 3116 Aut
810 3048 968 3139 uunquid
987 3049 1032 3116 de
1049 3048 1195 3141 maligni
1213 3048 1442 3118 facultatibus
1464 3047 1527 3118 ali-

480 3164 563 3254 quid
583 3162 809 3255 concupivit?
836 3164 941 3247 Quod
968 3164 996 3231 si
1021 3163 1146 3232 horum
1173 3162 1259 3232 nihil
1288 3166 1324 3232 in
1345 3185 1451 3232 causa
1472 3173 1526 3232 est

480 3277 558 3347 Deo
577 3279 780 3348 destruendi
798 3302 851 3360 ea,
869 3301 946 3369 qnae
966 3279 1179 3368 jamdudum
1197 3279 1242 3347 ad
1259 3278 1484 3348 alienandum
1506 3301 1527 3347 a

479 3412 527 3471 se,
558 3401 594 3459 et
624 3393 856 3483 separandum
886 3393 1021 3462 malum
1049 3395 1123 3484 ipse
1154 3402 1411 3473 construxerat,
1437 3391 1525 3462 illud

479 3529 544 3576 nec
570 3509 698 3576 mirum
724 3509 921 3599 putandum
939 3517 1005 3591 est,
1025 3510 1143 3598 lquod
1162 3509 1238 3599 ejus
1255 3509 1431 3577 consortio
1449 3508 1526 3578 fue·

478 3622 525 3689 rit
560 3620 774 3701 delectatns;
812 3623 964 3690 munitio
999 3623 1105 3703 enim,
1141 3646 1222 3713 quae
1261 3624 1368 3691 missa
1410 3622 1526 3692 fuerat

480 3746 621 3827 propter
650 3736 726 3816 hoc,
756 3759 800 3805 ne
830 3738 906 3826 ejus
939 3736 1138 3806 molestiam
1174 3747 1366 3827 pateretur,
1395 3738 1526 3807 idcirco

478 4030 572 4078 autem
594 4023 640 4079 bic
658 4023 769 4080 videtur
791 4024 945 4080 Archelaus
967 4023 1002 4080 de
1017 4023 1134 4080 Carrhis
1154 4043 1172 4080 a
1193 4024 1285 4081 Persis
1306 4024 1359 4080 sub
1373 4023 1526 4081 Valeriano

477 4119 610 4193 Augusto
624 4120 803 4195 expugnatis,
817 4120 864 4177 vel
885 4121 920 4177 de
938 4120 1045 4178 eisdem
1067 4121 1169 4176 iterum
1191 4122 1226 4177 ab
1241 4120 1394 4177 Odenatbo
1408 4120 1526 4177 orientis

477 4233 547 4291 rege
561 4216 683 4272 Gallieni
697 4216 880 4291 Imperatoris
894 4216 1069 4292 temporibus
1083 4217 1112 4272 in
1124 4218 1245 4273 Romani
1260 4217 1374 4291 Imperii
1389 4217 1526 4273 &nonem

477 4310 608 4369 redactis.
644 4312 718 4369 Vide
728 4312 899 4369 Trebellium
921 4313 1078 4370 Pollionem
1098 4313 1127 4368 iu
1143 4313 1274 4371 Gallieno
1288 4333 1351 4388 cap.
1370 4332 1416 4371 10.
1432 4323 1461 4370 et
1478 4330 1525 4370 12.

480 4408 572 4480 (Bello
584 4408 714 4465 Parthico
729 4410 765 4465 od
775 4409 904 4466 Carrhae
927 4410 1081 4467 Frontonis
1092 4410 1182 4485 Reliq.
1197 4430 1225 4485 p.
1238 4411 1303 4467 106.
1313 4411 1358 4468 ed.
1370 4410 1525 4479 Niebuhr.)

519 4517 534 4560 a
560 4504 595 4560 In
617 4504 713 4561 codice
736 4505 894 4571 Catinensi,
912 4507 1062 4580 putandum
1086 4515 1127 4563 eal
1152 4508 1293 4564 consortio.
1336 4508 1403 4573 Sed,
1426 4507 1453 4563 ai
1468 4506 1527 4579 ejus

478 4602 623 4665 consortio,
640 4601 692 4664 vel,
708 4602 778 4675 quod
789 4604 848 4673 ejus
862 4606 1006 4666 camonia,
1022 4604 1133 4661 videtur
1147 4604 1310 4678 legendnm.
