3817 5692
737 693 1050 757 DISPUTATIO.
1375 694 1414 759 91

371 865 520 936 tentiam
537 889 609 936 non
626 866 803 937 erubescit
819 876 987 937 astruere.
1039 864 1168 948 '‘Quod
1186 865 1215 934 si
1233 864 1416 936 simulatos

371 979 436 1050 sub
469 980 712 1072 hujuscemodi
750 981 954 1051 conditione
988 980 1274 1050 liutroducerent
1308 978 1415 1062 Deos,

371 1094 495 1165 ludum
514 1097 590 1188 jam
615 1095 864 1189 gladiatorium
885 1096 1054 1170 intereos
1071 1107 1147 1166 erat
1165 1095 1293 1177 videre,
1312 1095 1415 1165 innu-

370 1232 484 1281 meras
500 1211 671 1282 habentes
687 1221 840 1294 naturas,
858 1212 1081 1303 diversusque
1098 1212 1302 1281 sententias.

420 1322 518 1396 XXI.
543 1325 627 1397 Jam
653 1349 737 1396 vero
760 1327 805 1396 de
830 1327 1007 1409 interiore,
1025 1336 1133 1417 atque
1154 1328 1330 1398 exteriore
1352 1328 1416 1397 ho·

371 1441 467 1509 mine
494 1440 580 1531 quid
608 1463 667 1510 me
700 1463 844 1511 necesse
872 1449 928 1511 est
955 1440 1083 1523 dicere,
1112 1463 1194 1512 cum
1223 1439 1417 1512 Salvatoris

372 1576 458 1624 voce
475 1554 612 1624 dicatur
628 1556 672 1625 ud
690 1578 761 1637 eos,
775 1556 835 1647 qui
853 1554 1029 1625 camelum
1044 1554 1214 1648 glutiunt,
1232 1564 1270 1625 et
1288 1555 1417 1625 deforis

369 1670 559 1762 hypocritae
584 1680 676 1752 sunt,
702 1669 953 1741 blandimentis
982 1679 1090 1762 atque
1118 1670 1323 1742 adulatione
1350 1672 1417 1741 cir-

371 1784 539 1866 cumdati,
569 1785 614 1853 ad
642 1806 731 1876 quos
759 1785 864 1855 Jesus
898 1786 959 1866 eit,
986 1783 1073 1854 ¹Vae
1099 1783 1190 1855 uobis
1216 1780 1361 1865 Scribe,
1387 1790 1419 1853 et

370 1896 551 1969 Phuriroei
574 1897 774 1993 hypocrite,
792 1923 907 1994 quare,
926 1898 1019 1993 quod
1033 1897 1164 1994 deforis
1185 1908 1234 1969 cst
1250 1898 1367 1977 catini,
1387 1906 1419 1968 et

372 2012 488 2086 culicis
504 2012 626 2086 ducatis
636 2040 649 2095 ,·
675 2013 767 2108 quod
786 2023 897 2085 autem
915 2014 1009 2084 iratres
1025 2023 1083 2097 ert,
1102 2013 1324 2084 immunditia
1343 2011 1418 2107 pte-

372 2152 454 2200 num
471 2129 554 2201 ert?
577 2129 654 2201 Aur
670 2130 817 2212 uerutis,
836 2131 920 2223 quia
942 2129 1004 2223 qui
1017 2127 1118 2224 fecit,
1136 2128 1228 2223 quod
1236 2127 1337 2224 soris
1359 2136 1417 2210 est,

373 2254 404 2315 et
420 2244 512 2339 quod
527 2244 569 2316 de
585 2245 679 2316 iretur
696 2254 754 2326 est,
761 2242 886 2339 fecit?
908 2243 1081 2336 Nunquid
1100 2246 1144 2315 de
1167 2243 1297 2327 catino,
1314 2254 1352 2313 et
1372 2244 1418 2313 de

373 2360 482 2432 calice
507 2360 742 2453 loquebatur?
769 2359 943 2452 Nunquid
962 2360 1137 2430 vitriarius
1153 2367 1239 2442 erat,
1258 2361 1318 2451 qui
1344 2358 1419 2428 haec

373 2476 525 2560 dicebat,
542 2485 605 2547 aut
621 2476 762 2569 figulus,
779 2498 825 2546 ex
843 2476 920 2545 luto
937 2474 1073 2567 fingens
1091 2472 1195 2544 vasa?
1223 2472 1356 2543 Nonne
1373 2474 1419 2543 de

261 2578 264 2581 Α
374 2614 529 2684 corpore,
543 2590 1051 2683 atqueanimaevidentissime
1064 2588 1296 2680 loquebatur?
1324 2588 1421 2671 Quo·

374 2708 469 2776 niam
486 2706 629 2798 quidem
646 2703 832 2775 'Pharisaei
857 2704 967 2785 aneti,
982 2711 1021 2773 et
1039 2702 1159 2772 cimini
1181 2703 1336 2772 decimas
1358 2723 1421 2770 ex-

373 2831 567 2915 pectantes,
585 2846 667 2914 quae
684 2831 785 2892 erant
801 2820 962 2914 graviora
979 2819 1066 2912 legis
1091 2817 1346 2909 relinquebant,
1364 2825 1421 2886 2et

374 2938 531 3030 hisquae
559 2938 779 3006 extrinsecus
808 2943 921 3017 eraut,
951 2933 1161 3004 adhibentes
1190 2930 1420 3024 diligentiam,

375 3051 652 3121 contemnebant
677 3074 728 3132 ea,
755 3074 833 3142 quae
860 3051 906 3119 ad
935 3048 1086 3119 salutem
1110 3048 1239 3117 animae
1269 3047 1423 3137 pertine-

375 3169 480 3249 bant;
510 3164 784 3257 ³expectabant,
800 3166 908 3236 etiam
939 3164 1170 3235 salutationes
1200 3162 1236 3230 in
1267 3161 1352 3242 foro,
1384 3169 1422 3229 et

375 3283 506 3373 primos
530 3281 746 3351 ‘discubitus
774 3282 811 3349 in
838 3280 956 3360 coenis,
986 3301 1074 3369 quos
1104 3279 1218 3348 sciens
1247 3276 1422 3345 Dominus

375 3397 480 3468 Jesus
504 3397 660 3488 perditos
677 3418 761 3477 esse,
780 3396 920 3465 dicebat
936 3395 997 3475 eis,
1015 3394 1098 3485 quia
1120 3393 1176 3462 his
1199 3391 1281 3462 solis
1303 3391 1419 3471 rebus,

377 3534 453 3603 quae
476 3512 604 3583 deforis
626 3520 735 3592 erant,
753 3509 963 3580 adhiberent
980 3507 1210 3602 diligentiam,
1229 3515 1267 3576 et
1284 3527 1420 3595 eaquae

377 3627 585 3699 intrinsecus
607 3635 710 3697 erant
735 3633 1015 3706 contemnerent,
1042 3622 1138 3693 velut
1163 3621 1300 3700 aliena3
1325 3621 1423 3712 igno-

417 3835 433 3867 ¹
448 3825 483 3882 ln
497 3824 593 3882 codice
608 3823 767 3887 casinensi,
784 3823 863 3886 Quod
875 3823 1025 3879 simulatos.

417 3920 481 3977 tln
496 3919 646 3977 Casinensi
659 3920 755 3977 codice
771 3928 823 3984 est,
837 3920 1027 3976 introduceret.
1070 3914 1129 3973 Sed
1149 3915 1196 3972 hic
1212 3915 1248 3972 de
1263 3911 1424 3969 Gentilibus

377 4018 454 4093 loqui
466 4017 560 4093 palam
573 4026 627 4081 est,
642 4035 729 4091 quare
742 4016 905 4090 legendum,
921 4014 1129 4071 introducerent.

419 4124 434 4157 ¹
448 4113 483 4170 In
496 4114 597 4171 eodem
611 4113 718 4177 codice,
732 4132 766 4169 er
782 4113 833 4169 his.

419 4221 436 4255 ⁸
449 4211 506 4268 Hic
519 4211 590 4267 mire
604 4209 773 4285 depravatus
790 4217 834 4266 est
848 4208 938 4265 codex
953 4205 1126 4268 casinensis,
1140 4203 1212 4278 legit
1224 4201 1309 4266 enim,
1319 4201 1426 4274 primos

379 4308 528 4386 discipulos
540 4307 646 4364 subitos
666 4308 694 4363 s'rr
716 4309 803 4371 mnis,
818 4307 889 4381 quod
908 4308 1022 4362 sotertes
1034 4302 1177 4359 Dominus.
1219 4299 1284 4354 Nos
1306 4314 1370 4353 eum
1389 4311 1426 4350 ex

380 4424 461 4464 sacro
474 4412 556 4462 textu
570 4403 754 4461 restituimus.

462 4518 558 4576 'Mat
572 4514 651 4574 xxiii.
669 4534 716 4593 25.
739 4516 808 4573 Luc.
823 4516 862 4571 xi.
877 4533 925 4590 39.
1092 4517 1100 4539 ¹
1116 4509 1188 4565 Mat.
1204 4505 1281 4563 xxiii.
1299 4520 1344 4575 23.

555 4612 645 4670 ’Luc
660 4631 711 4671 xx.
727 4612 775 4683 46.
797 4610 870 4668 Mat.
886 4611 965 4667 xxiii.
981 4609 1008 4666 6.
1030 4608 1122 4664 Marc.
1138 4604 1185 4661 xii.
1202 4601 1251 4674 38.

878 4727 899 4765 N
918 4721 935 4767 2
