3817 5692
737 713 1050 777 D18PUTAT10.
1355 714 1416 776 111

369 909 415 957 ex
433 885 497 968 his,
515 907 635 955 eorum
664 908 744 976 quae
770 884 900 955 habero
927 894 964 954 te
990 885 1087 965 dicis,
1105 894 1146 954 nt
1169 885 1199 955 si
1224 884 1299 955 haec
1322 892 1420 957 recte

368 1000 632 1093 positafuerint
653 1000 934 1083 inventa,etia1n
961 1000 1096 1092 reliqua
1121 1023 1202 1070 cum
1230 1001 1284 1071 his
1310 1001 1421 1072 aduu-

369 1122 572 1199 merentur;
602 1117 655 1187 siu
680 1116 809 1200 minus,
834 1112 917 1186 bcro
941 1140 1008 1209 ego
1031 1116 1206 1187 obnoxius
1236 1120 1420 1189 sententiae

369 1231 549 1313 Judicum,
568 1232 604 1302 id
630 1242 693 1314 est,
712 1233 797 1302 victi
821 1233 1050 1325 ignominiam
1076 1234 1196 1305 feram.
1248 1233 1315 1306 Ais
1336 1255 1420 1329 ergo

370 1348 605 1418 ministerium
630 1349 754 1419 mortis
780 1369 856 1418 esse
883 1348 1011 1441 legem,
1029 1359 1067 1418 et
1092 1348 1291 1443 Principem
1316 1350 1421 1444 hujus

370 1465 493 1535 muudi
520 1473 682 1544 mortem,
700 1485 846 1557 regnare
871 1464 916 1533 ab
935 1463 1053 1534 Adam
1080 1486 1191 1556 usqua
1213 1466 1258 1535 ad
1278 1465 1419 1551 Mosen,

370 1581 540 1673 scriptum
571 1590 625 1650 cst
657 1581 764 1662 enim,
795 1578 858 1649 'In
889 1602 944 1650 eos
975 1580 1037 1673 qui
1067 1589 1155 1651 cnoa
1183 1592 1420 1676 peccacatum.

371 1695 509 1766 Mam-:s
534 1713 650 1777 mxrr,
668 1694 766 1789 Ergo
793 1718 887 1766 mors
912 1698 1074 1789 regnavit
1099 1697 1175 1768 sinc
1200 1697 1319 1779 dubio,
1338 1700 1421 1790 qnia

371 1812 522 1883 dualitas
548 1822 614 1894 ast,
640 1835 706 1881 nec
733 1811 846 1893 aliter,
872 1812 937 1881 nisi
958 1808 1099 1890 lassent
1122 1812 1291 1906 ingenita.
1343 1813 1422 1885 Aa·

351 1923 539 1999 'sumans
556 1948 672 2009 omn,
691 1927 740 1997 Et
757 1928 935 2019 quomodo
959 1929 1118 2021 ingenita
1141 1950 1235 2000 mors
1257 1940 1357 2001 certo
1374 1953 1419 2002 ex

372 2054 531 2135 tompore
564 2045 662 2136 regni
699 2045 807 2114 sumit
841 2042 1052 2114 exordium?
1090 2044 1135 2114 ab
1165 2042 1285 2116 Adam
1314 2046 1421 2128 anim,

370 2159 495 2250 inquit,
531 2166 568 2228 st
601 2179 672 2228 non
707 2159 799 2229 dixit
832 2166 917 2229 anto
947 2157 1078 2229 Adam.
1130 2156 1270 2232 Minas
1305 2179 1420 2245 n1x1'r,

372 2274 560 2358 Quomodo
578 2297 671 2357 vero,
694 2285 731 2346 et
750 2276 940 2367 justorum,
964 2282 1002 2344 et
1027 2284 1253 2368 peccatorum
1280 2277 1422 2348 obtinu-

371 2391 439 2459 en't
464 2413 624 2485 regnum,
648 2392 767 2462 dicito.
817 2390 1046 2462 Aacnnmua
1068 2409 1184 2474 oixn,
1206 2390 1299 2462 Cum
1326 2393 1422 2485 prius

371 2504 551 2575 confessus
576 2505 695 2588 fueris,
717 2506 802 2597 quia
827 2528 849 2577 a
873 2514 1045 2598 tempore,
1064 2515 1101 2577 ct
1126 2529 1196 2576 non
1222 2508 1422 2579 aeternitate

371 2623 543 2714 saginavit,
568 2630 645 2692 tum
673 2622 799 2692 dicam.
852 2620 991 2692 Manus
1016 2639 1133 2704 nmis,
1160 2621 1421 2715 scriptumest

371 2735 450 2818 huc,
468 2737 551 2827 quia
568 2735 642 2808 ’Ab
658 2735 776 2808 Adam
794 2735 965 2831 usquead
980 2735 1104 2807 Mosen
1121 2738 1288 2833 aequauit.
1341 2736 1423 2808 Aa·

372 2872 537 2924 cnnnaus
553 2869 669 2937 mxm,
688 2852 784 2946 Ergo
799 2860 837 2923 et
854 2853 961 2923 finem
980 2852 1098 2934 habet,
1116 2854 1212 2945 qnod
1229 2853 1337 2945 coepit
1354 2864 1422 2924 ‘ex

372 2977 542 3060 tempore,
560 2979 597 3039 et
621 2991 743 3038 verum
771 2977 826 3038 est
851 2967 949 3050 illud,
974 2966 1067 3059 qnod
1094 2967 1230 3036 dictum
1257 2976 1321 3051 est,
1340 2969 1423 3060 quia

371 3078 564 3174 ³Adsmptn
581 3089 629 3150 ecl
652 3102 744 3150 mora
761 3080 800 3150 in
816 3080 973 3154 uictoria.
1026 3080 1144 3151 Etiam
1169 3082 1329 3177 ingenita
1350 3101 1422 3153 non

373 3198 451 3280 erit,
477 3220 554 3288 quae
581 3204 619 3265 et
647 3197 788 3266 initium
818 3196 948 3268 habere
978 3205 1203 3279 monstratur,
1232 3206 1270 3268 et
1299 3198 1421 3269 finem.

413 3356 429 3402 b
445 3360 525 3435 [For.
541 3362 596 3417 eris
610 3379 684 3437 erqo,
699 3369 728 3418 et
742 3359 896 3439 proferam
904 3361 1013 3436 serua]

412 3458 566 3516 elrenteus
587 3475 699 3533 qaoque
717 3457 766 3515 lib.
782 3476 811 3533 3.
834 3458 898 3516 adv.
914 3457 1038 3515 haereses
1051 3476 1113 3535 cap.
1131 3473 1176 3513 20.
1198 3474 1264 3513 cum
1284 3457 1422 3532 particula

372 3557 505 3633 negativa
517 3555 615 3613 laudat
627 3556 703 3613 hunc
716 3556 754 3613 D.
770 3556 849 3614 Pauli
864 3558 976 3614 locum:
999 3556 1074 3614 unde
1088 3563 1167 3631 patet
1179 3555 1217 3613 D.
1228 3556 1421 3631 Angustinnm

371 3655 401 3711 in
421 3654 494 3710 libro
515 3654 552 3710 de
574 3653 690 3711 Peccat.
706 3654 815 3712 meritis
835 3663 865 3714 et
886 3653 996 3713 remiss.
1010 3654 1060 3711 lib.
1073 3654 1092 3710 i.
1108 3672 1170 3727 cap.
1185 3670 1231 3708 11.
1253 3660 1331 3709 recte
1353 3671 1420 3710 cen·

372 3752 470 3818 suisse,
486 3752 526 3808 ita
546 3751 583 3808 ad
604 3770 761 3827 grecorum
784 3752 913 3809 codicum
936 3752 1023 3808 fidem
1045 3750 1198 3838 legendum
1222 3768 1294 3814 esse,
1308 3741 1422 3805 licetin

371 3849 472 3924 majori
486 3848 638 3905 latinorum
652 3849 781 3906 codicum
795 3859 875 3924 parte
895 3851 956 3907 sine
970 3849 1108 3925 particula
1121 3848 1255 3923 negativa
1268 3848 1420 3922 legeretur.

373 3946 456 4002 Hanc
476 3954 572 4003 tamen
595 3954 768 4020 postremam
789 3947 940 4004 lectionem
962 3946 1059 4003 multis
1080 3946 1228 4003 contendit
1241 3963 1337 4002 veram
1358 3963 1422 4002 esse

373 4039 501 4099 Hilarius
515 4042 658 4100 Diaconos
677 4044 705 4100 in
725 4044 935 4102 commentariis
957 4044 994 4101 ad
1014 4063 1079 4101 eum
1095 4043 1174 4102 Pauli
1187 4042 1279 4099 iocum
1296 4042 1371 4098 inter
1384 4037 1421 4097 D.

370 4139 515 4197 Ambrosii
542 4158 638 4214 opera,
663 4141 713 4197 sed
738 4141 799 4215 ejus
828 4141 1002 4215 opinionem,
1027 4148 1126 4215 utpote
1151 4138 1282 4215 originali
1305 4142 1423 4214 peccato

370 4239 578 4301 adversantem,
594 4238 692 4313 rejecit
705 4239 842 4304 Ecclesia,
858 4258 920 4314 quae
938 4238 1086 4314 probatam
1101 4238 1137 4295 D.
1146 4237 1310 4314 Augustino
1323 4234 1422 4293 lectio·

370 4354 436 4392 nem
460 4333 489 4390 in
512 4335 607 4392 latinis
630 4354 741 4410 quoque
764 4355 850 4393 sacrae
865 4335 1021 4410 Scripturas
1035 4335 1180 4393 codicibus
1198 4335 1254 4392 huc
1273 4351 1361 4408 usque
1376 4350 1420 4387 re-

370 4431 464 4489 tinnit.
775 4428 790 4473 (ἲ
806 4432 920 4507 [Malim
935 4432 1029 4507 esaetl]

411 4536 424 4569 θ
439 4526 473 4583 ln
488 4528 585 4587 codice
601 4529 748 4587 casinensi
763 4530 913 4588 manifesto
928 4548 1024 4587 errore
1038 4530 1180 4597 scribitur,
1195 4526 1313 4601 exemplo
1327 4544 1366 4582 re.

448 4674 454 4696 ¹
472 4668 553 4724 Rom.
566 4688 591 4725 v.
610 4686 656 4740 ¹4·
777 4670 886 4728 'Rom
901 4669 971 4727 ibid.
1096 4674 1105 4704 ⁵
1124 4686 1135 4724 1
1152 4665 1219 4724 Cor.
1231 4684 1277 4723 xv.
1291 4677 1339 4740 54·
