3817 5692
745 637 1429 758 sumamma}{³'÷I÷{³².{··-{ln

377 882 448 929 non
465 859 553 930 illud
571 861 699 952 potius,
716 862 849 943 asseris
867 861 963 951 qnod
986 862 1118 952 poterit
1136 862 1274 952 propria
1292 862 1426 931 virtute

376 976 517 1045 vincere
544 974 695 1056 leonem,
721 976 817 1045 ¹sive
846 998 935 1067 pura
967 973 1036 1045 Dei
1066 978 1238 1068 potentia,
1268 985 1307 1048 et
1336 1000 1426 1048 uun·

376 1112 479 1180 quam
499 1090 670 1160 machinis
687 1091 907 1181 quibusdam,
925 1100 964 1161 et
987 1091 1096 1161 foveae
1115 1091 1224 1174 haedo,
1243 1091 1317 1163 sive
1333 1116 1426 1186 agno

377 1203 530 1274 tradito?
558 1206 625 1276 Dic
644 1206 729 1274 mihi
748 1207 857 1277 etiam
875 1206 975 1287 illud,
992 1208 1020 1275 si
1047 1209 1179 1298 pastori
1200 1210 1425 1299 superveniat

375 1319 442 1401 lec,
460 1342 531 1389 nou
547 1319 691 1389 habenti
710 1343 803 1399 oves
822 1321 909 1412 quid
926 1320 1016 1390 fieti
1044 1320 1230 1413 Ingenitus
1247 1323 1423 1406 animast,

376 1435 433 1525 qui
454 1434 584 1503 dicitur
600 1443 729 1525 pastor,
746 1436 926 1528 ingenitus
943 1457 1085 1526 quoquc
1102 1436 1212 1505 etiam
1229 1436 1295 1506 leo.
1331 1434 1425 1506 Cum

376 1571 459 1641 ergo
478 1547 634 1618 nondum
654 1558 747 1618 esset
763 1545 881 1629 homo,
903 1552 1107 1642 priusquam
1133 1562 1253 1643 pastor
1278 1551 1425 1622 haberet

374 1686 529 1758 gregem,
556 1665 586 1734 si
612 1666 870 1756 supervenisset
900 1666 969 1750 lec,
994 1666 1077 1758 quid
1103 1666 1221 1748 fiebat,
1245 1668 1328 1758 quia
1353 1691 1424 1737 non

375 1793 452 1848 erat
486 1777 599 1848 lconis
628 1800 709 1848 esca
741 1781 945 1871 priusquam
980 1779 1102 1849 haedus
1132 1781 1249 1852 esset?
1285 1780 1425 1851 Mam

376 1912 489 1975 Drxm,
510 1892 584 1962 Leo
608 1894 751 1984 quidem
775 1893 863 1963 nihil
890 1894 1138 1976 manducabat,
1156 1896 1347 1966 exercebat
1371 1905 1425 1967 ta-

375 2029 457 2076 men
475 2007 646 2078 malitiam
664 2031 763 2077 suam
780 2032 843 2099 per
860 2031 1079 2100 quaecunque
1097 2019 1238 2101 poterat
1253 2012 1422 2098 invenire,

375 2125 573 2195 discurrens
589 2147 654 2216 per
670 2125 821 2195 vertices
839 2126 1036 2205 montium3
1063 2126 1157 2216 quod
1181 2128 1210 2197 si
1233 2127 1423 2219 aliquando

375 2242 407 2310 ei
434 2242 542 2310 etiam
571 2263 651 2311 esca
678 2249 754 2310 erat
784 2242 989 2322 neccssaria,
1023 2241 1186 2333 capiebat
1216 2265 1261 2312 ex
1290 2243 1422 2326 bestiis,

374 2378 456 2446 quae
473 2365 573 2425 erant
599 2357 664 2427 sub
687 2380 796 2451 regno
819 2379 893 2427 suo.
945 2357 1424 2452 Ancnmmsn1x1r,Ergo

376 2472 479 2541 unius
508 2484 590 2543 snut
621 2473 829 2545 substantiae
862 2474 997 2556 bestia,
1027 2496 1102 2564 quae
1133 2482 1217 2543 sunt
1246 2476 1284 2543 in
1313 2497 1422 2568 reguo

374 2585 529 2679 maligni,
547 2595 585 2656 et
602 2586 709 2672 haedi,
727 2589 788 2679 qui
814 2589 951 2659 suntin
973 2610 1083 2680 reguo
1101 2587 1185 2657 boni
1203 2588 1284 2658 Dei.
1337 2587 1424 2659 Ma·

375 2720 442 2770 uss
467 2721 582 2784 nrxrr,
603 2699 731 2784 Absit;
756 2724 1002 2794 nequaquam3
1027 2702 1114 2770 nihil
1141 2725 1329 2774 commune
1356 2713 1421 2787 est,

375 2839 492 2907 neque
521 2818 606 2909 ipsis
635 2817 870 2900 adinvicem,
898 2839 1014 2909 neque
1040 2816 1106 2899 his,
1132 2841 1209 2909 quae
1239 2842 1303 2889 sua
1328 2829 1420 2890 sunt.

376 2929 603 3002 Aacnmaus
620 2951 737 3015 mxrr,
754 2931 858 3003 Unus
872 2942 982 3023 atque
1004 2935 1098 3004 idern
1117 2944 1171 3005 est
1189 2957 1271 3005 usus
1288 2937 1325 3005 in
1342 2958 1422 3006 esca

374 3045 496 3116 leonis.
549 3047 588 3117 si
606 3024 701 3119 eniln
720 3072 766 3118 ex
788 3049 936 3141 propriis
960 3049 1149 3142 aliquando
1167 3050 1289 3120 hestiis
1306 3052 1422 3143 capie-

375 3161 436 3231 bat
453 3163 582 3245 cibum,
600 3163 788 3255 aliquando
806 3174 844 3234 et
861 3165 907 3234 de
924 3165 979 3234 his
1001 3165 1083 3234 boni
1102 3164 1182 3247 Dei,
1199 3164 1297 3234 nulla
1313 3174 1368 3235 est
1384 3167 1421 3235 in

374 3276 428 3346 his
446 3276 654 3363 differentia,
672 3287 844 3369 qnantum
862 3279 907 3348 ad
926 3302 1023 3349 escas
1040 3281 1205 3371 pertinet,
1223 3287 1261 3348 et
1281 3302 1328 3349 ex
1353 3279 1421 3350 hoc

374 3400 520 3484 apparet
537 3394 641 3463 nnius
659 3416 718 3464 eas
738 3416 814 3463 esse
840 3394 1056 3464 substantiae.
1107 3406 1124 3452 l
1130 3395 1202 3465 Sed
1228 3394 1324 3465 aliud
1350 3395 1421 3465 alio

374 3505 480 3601 longe
500 3507 640 3579 differre
665 3509 902 3602 ignorantiam
925 3511 1055 3601 pastori
1081 3510 1321 3590 adscribimus,
1338 3510 1422 3601 quia

373 3641 444 3689 non
470 3629 590 3711 aptam
613 3644 740 3704 escam,
767 3624 851 3713 quin
877 3623 996 3714 potius
1021 3622 1173 3692 alienam
1200 3623 1341 3706 obtulit,
1362 3623 1420 3694 vel

373 3733 520 3824 projecit
546 3732 651 3803 leoni.
703 3731 782 3803 Ant
805 3734 896 3803 forte
914 3755 1034 3804 rursus
1051 3735 1271 3806 dissimulare
1288 3735 1420 3821 volens,

373 3846 470 3918 dices
486 3846 585 3930 mihi,
603 3849 686 3937 quia
703 3847 790 3917 nihil
815 3848 870 3918 leo
887 3847 948 3917 ille
968 3847 1188 3917 comedebat.
1239 3847 1348 3918 Illum
1373 3872 1420 3920 ue

372 3961 491 4055 igitur,
510 3963 569 4052 qui
587 3963 772 4034 comedere
789 3964 979 4046 nesciebat,
996 3964 1072 4055 ipse
1095 3964 1139 4033 ad
1160 3965 1419 4036 comedendum

411 4223 427 4255 ¹
442 4214 487 4272 lta
500 4217 604 4293 corrigi
619 4218 721 4275 debere
734 4216 846 4273 videtur
860 4216 944 4273 lectio
959 4216 1066 4274 codicis
1075 4217 1248 4285 casinensis,
1260 4218 1307 4293 qui
1320 4218 1418 4286 habet,

371 4311 397 4366 si
410 4318 437 4366 et
445 4330 528 4385 para.
551 4312 606 4369 nisi
619 4312 762 4376 malueris,
776 4313 803 4368 ai
816 4320 857 4368 eat
867 4331 948 4388 pura.

412 4416 426 4460 5
447 4406 541 4464 Locus
562 4408 616 4465 iste
637 4409 747 4465 videtur
767 4408 930 4474 mendosus,
945 4427 999 4465 nec
1016 4410 1083 4483 quid
1101 4410 1154 4466 sibi
1173 4409 1242 4466 velit
1260 4408 1418 4465 Archelaus

369 4503 444 4559 clare
465 4503 641 4580 intelligitur,
655 4504 709 4561 nisi
728 4504 867 4579 legamus,
881 4504 939 4561 sea
950 4506 1076 4562 alienant
1098 4506 1153 4562 alin
1167 4506 1246 4580 lonae
1258 4505 1372 4578 ἀΐει-νε
1391 4505 1418 4559 si

370 4600 499 4666 diamasa,
514 4601 694 4676 iyncrantinm
704 4602 814 4676 pastori
827 4602 1016 4660 adscribimus.
