3817 5692
551 693 615 755 254
919 692 951 754 S.
967 690 1240 754 AUGUSTINI

551 863 663 944 dixit;
689 863 751 931 sed
773 863 835 943 ait,
853 860 1045 954 Propterea
1062 859 1275 932 decernimus
1291 860 1473 933 terereticos
1489 861 1609 957 tapsi-

549 975 679 1047 zandos
705 1000 797 1045 esse:
824 999 966 1047 servans
991 978 1085 1068 quod
1109 978 1274 1069 pacificus
1292 977 1489 1070 Cyprianus
1515 990 1608 1053 aute

550 1100 810 1183 praestruxerat‚
828 1092 957 1172 dicens,
975 1090 1154 1161 Neminem
1167 1090 1455 1183 judicavissent
1477 1118 1500 1164 a
1514 1095 1608 1187 jare

549 1206 798 1277 communionis
821 1204 967 1299 aliquem
989 1206 1022 1275 si
1045 1205 1215 1277 diversam
1237 1209 1381 1279 senserit
1397 1220 1604 1281 amoventes.

550 1322 640 1391 Cum
666 1345 748 1414 ergo
766 1322 963 1390 Donatista
985 1321 1087 1391 nobis
1112 1319 1385 1404 calumniantur,
1403 1333 1440 1393 et
1464 1347 1531 1393 uos
1550 1325 1606 1395 di·

549 1446 635 1506 cunt
653 1436 847 1517 traditores,
866 1438 892 1505 si
912 1437 990 1527 quis
1008 1438 1155 1505 exsistat
1174 1436 1229 1504 vel
1243 1436 1266 1504 J
1269 1436 1392 1506 udaeus
1409 1436 1465 1505 vel
1485 1436 1605 1531 Paga-

549 1574 624 1633 nus‚
643 1553 702 1642 qui
721 1550 814 1620 lecto
832 1552 900 1619 isto
918 1550 1067 1620 concilio
1085 1560 1122 1620 et
1145 1573 1209 1620 nos
1226 1560 1263 1621 et
1280 1552 1382 1643 ipsos,
1400 1554 1604 1623 secundum

549 1689 672 1737 earum
697 1665 844 1758 regulas,
863 1666 1021 1734 veritatis
1047 1663 1202 1756 appellet
1227 1666 1521 1756 prevaricatores,
1541 1691 1606 1737 ve-

549 1782 612 1851 lim
630 1784 717 1852 scire
734 1783 778 1850 ad
797 1780 863 1850 hoc
881 1790 954 1849 tam
972 1803 1078 1872 grave
1091 1782 1225 1849 crimen
1242 1780 1468 1850 refutandum
1486 1791 1603 1874 atque

549 1897 755 1967 diluendum
783 1897 960 1986 quomodo
989 1896 1090 1966 nobis
1115 1895 1252 1985 agenda
1280 1898 1327 1965 sit
1352 1918 1473 1966 caussa
1499 1920 1604 1967 com-

549 2012 675 2081 munis.
728 2011 792 2080 Isti
819 2033 879 2079 eos
905 2010 1028 2079 dicunt
1052 2011 1248 2092 traditores,
1266 2033 1355 2100 quos
1380 2033 1494 2101 neque
1522 2012 1604 2084 ullo

549 2133 709 2216 tempore
735 2126 943 2194 convincere
969 2133 1171 2216 potuerunt,
1190 2146 1305 2214 neque
1330 2146 1424 2193 nunc
1449 2136 1605 2215 possunt

549 2237 744 2318 ostendere,
762 2247 800 2307 et
820 2239 854 2307 iu
874 2239 1000 2307 eodem
1025 2239 1171 2307 crimine
1198 2239 1264 2330 ipsi
1292 2261 1367 2308 essa
1395 2238 1515 2329 potius
1541 2260 1606 2308 os·

549 2352 753 2421 tenduntur.
806 2351 876 2421 Sed
895 2353 979 2443 quid
1006 2354 1050 2422 ad
1076 2353 1163 2423 nos?
1201 2351 1259 2421 De
1285 2353 1361 2422 istis
1387 2359 1482 2421 certe
1510 2375 1606 2442 prae·

550 2467 799 2536 varicatoribus
826 2467 910 2558 qnid
937 2466 1117 2536 dicemus?
1157 2465 1195 2536 Si
1222 2467 1316 2535 enim
1344 2489 1419 2549 nos,
1436 2469 1606 2557 quamvis

550 2581 646 2663 falso,
665 2592 849 2674 propterea
874 2582 1024 2651 dicimur
1049 2582 1243 2662 traditores
1261 2583 1343 2672 quia
1369 2583 1607 2656 traditoribus

549 2719 613 2766 nos
639 2698 674 2765 in
701 2698 823 2765 eadem
851 2697 1099 2766 communione
1122 2698 1327 2766 successisse
1344 2697 1605 2781 criminantnr3

550 2811 871 2902 praevaricatoribus
896 2810 966 2879 illis
991 2833 1113 2880 omncs
1139 2814 1379 2894 successimus,
1400 2813 1482 2902 quia
1508 2835 1608 2883 nou-

550 2925 635 2993 dum
663 2947 700 2993 se
727 2925 772 2993 ab
800 2925 937 2992 unitate
966 2924 1131 2994 diviserat
1157 2947 1235 3015 pars
1253 2925 1386 2995 Donati
1410 2924 1505 2994 beati
1525 2924 1605 3017 Cy-

548 3040 660 3130 priani
700 3039 927 3130 temporibus.
993 3038 1079 3108 Post
1117 3041 1314 3130 passionem
1348 3041 1477 3131 qnippe
1518 3040 1606 3130 ejus

479 3187 483 3192 ·
548 3155 789 3246 quadraginta,
817 3163 855 3222 et
884 3154 978 3243 quod
1010 3154 1175 3234 excurrit,
1206 3156 1305 3223 annis
1335 3155 1493 3245 peractis,
1525 3163 1607 3226 tra·

548 3270 635 3339 ditio
665 3269 823 3339 codicum
859 3269 953 3338 facta
986 3276 1050 3348 est,
1081 3270 1174 3337 unde
1209 3278 1392 3360 coeperunt
1424 3268 1605 3360 appellari

547 3385 743 3454 traditores.
794 3382 833 3453 Si
863 3407 948 3474 ergo
979 3393 1164 3475 propterea
1191 3407 1255 3453 nos
1285 3386 1481 3465 traditores,
1511 3387 1606 3475 quia

546 3521 591 3568 ex
619 3498 855 3578 traditoribus,
879 3499 971 3567 sicut
998 3499 1187 3589 opinantur
1208 3497 1263 3568 vel
1290 3499 1506 3589 contingunt,
1531 3522 1606 3569 ex-

546 3615 612 3683 orti
641 3635 781 3693 sumus3
816 3613 861 3683 ab
895 3612 965 3682 illis
999 3614 1320 3703 prevaricatoribus
1354 3615 1493 3703 utrique
1527 3618 1606 3685 ori-

545 3730 663 3821 ginem
690 3730 861 3798 ducimus.
915 3725 999 3796 Non
1028 3739 1083 3798 est
1112 3729 1206 3797 enim
1233 3728 1327 3818 quod
1354 3727 1503 3807 dicatur,
1522 3751 1604 3802 non

545 3845 595 3914 eis
622 3845 898 3913 communicasse
928 3843 1034 3923 ist0s3
1061 3843 1201 3933 quaudo
1229 3865 1310 3912 suos
1340 3842 1417 3912 illos
1443 3853 1604 3930 vocaut3

546 3958 656 4048 ¹qu0d
673 3957 861 4028 concilium
881 3955 1049 4046 loquitur,
1068 3957 1162 4047 quod
1185 3959 1251 4048 ipsi
1278 3958 1433 4027 maxime
1454 3951 1605 4046 dprofe-

544 4081 646 4143 runt:
675 4070 824 4159 Quidam
842 4070 962 4152 nostri,
979 4072 1106 4161 inquit,
1119 4073 1406 4164 prevaricatores
1422 4070 1601 4159 caritatis,

543 4182 714 4257 haereticis
731 4184 976 4282 srrJfraqantar.
1028 4186 1182 4257 Accedit
1205 4196 1243 4256 et
1260 4186 1502 4255 testimonium
1523 4186 1604 4278 Cy.

543 4302 766 4391 pumicatis
789 4303 1062 4372 demonstrantis
1090 4302 1183 4393 quod
1212 4303 1248 4371 in
1280 4323 1402 4370 eorum
1431 4321 1603 4371 commu-

798 4483 813 4527 d
829 4485 877 4542 Sic
891 4485 981 4543 MSS.
1024 4487 1064 4541 At
1078 4486 1155 4550 editi,
1167 4487 1328 4560 proferunt.
1362 4516 1368 4524 ·

928 4610 934 4632 ¹
954 4607 1014 4678 [An
1029 4606 1196 4680 quomodot]
