3817 5692
625 691 689 755 DE
714 690 1096 755 REBAPTISMATE
1121 691 1280 755 LIBER.
1411 694 1476 757 325

427 862 567 933 illomm
586 873 748 947 tractare,
765 886 803 934 se
828 864 921 934 solos
946 865 1125 958 integrum
1142 874 1249 957 atque
1267 866 1476 958 perfectum,

427 1001 498 1047 non
524 980 628 1049 sicuti
658 1002 722 1051 nos
749 980 953 1050 mutilatum
982 990 1020 1050 et
1046 982 1284 1065 decurtatum,
1302 982 1478 1073 baptisma

427 1094 587 1177 tradere3
618 1095 714 1187 quod
743 1095 863 1166 taliter
889 1096 1056 1166 dicuntur
1082 1097 1277 1189 adsignare,
1303 1106 1345 1166 ut
1371 1120 1477 1189 quam

427 1231 513 1278 mox
543 1211 581 1279 in
610 1233 739 1302 aquam
769 1210 1038 1293 descendemut,
1066 1213 1187 1281 statim
1217 1234 1478 1304 superaquam

428 1326 519 1417 ignis
554 1334 731 1417 appareat.
800 1326 906 1409 Quod
944 1328 974 1397 si
1014 1327 1133 1419 aliquo
1171 1328 1250 1398 lusu
1285 1327 1478 1420 perpetrari

428 1448 556 1532 potest,
582 1443 674 1511 sicut
699 1441 932 1512 adfirmentur
961 1441 1120 1535 plerique
1149 1443 1351 1535 hujusmodi
1381 1444 1479 1515 lusus

431 1553 614 1625 ¹Anaxilai
644 1578 729 1638 esse,
761 1557 834 1626 sive
868 1556 1028 1626 naturale
1059 1559 1144 1649 quid
1179 1566 1243 1639 est,
1274 1582 1345 1649 quo
1374 1569 1480 1651 pacto

429 1672 539 1763 possit
564 1671 631 1740 hoc
657 1673 874 1766 contingere,
898 1674 973 1742 sive
1000 1672 1051 1742 illi
1083 1682 1210 1765 putant
1237 1673 1304 1743 hoc
1334 1697 1371 1744 se
1398 1696 1482 1743 con·

430 1788 574 1878 spicere,
592 1788 666 1857 sive
692 1788 838 1880 maligni
866 1810 954 1880 opus
982 1797 1020 1858 et
1046 1790 1226 1881 magicum
1245 1791 1338 1860 virus
1360 1789 1479 1881 iguem

431 1911 549 1994 potest
578 1904 615 1972 iu
644 1926 737 1995 aqua
768 1904 985 1995 exprimere:
1013 1902 1066 1973 illi
1098 1912 1217 1972 tamen
1247 1902 1357 1973 talem
1382 1900 1482 1972 falla-

431 2019 521 2089 ciam
556 2028 594 2089 et
628 2019 808 2111 stropham
846 2020 1038 2112 pradicant
1073 2019 1269 2110 perfectum
1305 2018 1483 2111 baptisma

430 2158 518 2218 esse,
544 2136 639 2228 quod
669 2135 791 2205 fideles
819 2134 989 2218 homiues,
1018 2136 1046 2205 si
1078 2137 1189 2205 coacti
1217 2136 1362 2205 fuemut
1391 2134 1483 2205 acci-

431 2274 524 2342 pere,
543 2252 667 2343 utique
685 2275 756 2321 non
779 2251 1000 2321 dubitabitur
1022 2273 1082 2321 eos
1104 2250 1142 2320 id
1165 2251 1260 2343 quod
1285 2250 1483 2321 habuerant

432 2368 607 2449 amisisse;
635 2367 779 2457 perinde
804 2389 844 2435 ac
871 2366 1001 2455 siquis
1027 2374 1248 2435 sacramento
1265 2365 1368 2436 miles
1386 2366 1482 2437 dicto

433 2482 579 2552 desertis
602 2482 673 2550 suis
699 2482 829 2562 castris,
848 2481 884 2548 in
909 2479 1067 2549 hostium
1093 2481 1335 2551 diversissimis
1360 2482 1483 2551 castris

434 2594 538 2688 longe
564 2593 659 2664 aliud
690 2602 949 2663 sacramentum
979 2593 1065 2663 velit
1090 2595 1229 2676 dicere;
1254 2594 1321 2664 hac
1346 2596 1482 2664 ratione

433 2719 572 2781 constat
600 2733 682 2780 eum
708 2717 828 2779 vetere
854 2717 1074 2778 sacramento
1098 2716 1367 2778 exauctoratum
1395 2730 1482 2779 esse.

436 2827 530 2896 Item
553 2828 581 2896 si
608 2826 808 2917 hujusmodi
831 2825 937 2894 homo
961 2846 1078 2894 mrsus
1105 2824 1148 2894 ad
1176 2832 1214 2894 te
1239 2825 1371 2907 redeat,
1396 2825 1484 2893 'uti-

435 2966 504 3033 que
534 2942 710 3011 haesitabis
739 2951 860 3011 utrum
890 2939 1021 3010 habeat
1052 2941 1227 3033 baptisma
1260 2963 1326 3009 nec
1360 2963 1416 3023 ne,
1446 2950 1485 3010 et

434 3066 554 3127 tamen
572 3057 749 3149 oportebit
766 3064 804 3125 te
826 3055 909 3125 huic
932 3078 1073 3147 quoque
1096 3057 1341 3146 poenitentiam
1364 3055 1484 3149 agenti

435 3171 714 3263 quibuscumque
732 3171 845 3240 modis
861 3172 1019 3262 potueris
1037 3171 1235 3241 subvenire.
1281 3171 1346 3241 Est
1363 3181 1485 3242 autem

435 3286 622 3359 adulterini
657 3285 770 3377 hujus,
802 3286 912 3356 immo
946 3286 1157 3356 internecini
1193 3288 1425 3379 baptismatis,
1455 3287 1485 3356 si

435 3404 514 3496 quis
534 3401 624 3472 alius
646 3410 777 3483 auctor,
797 3412 875 3470 tum
893 3401 1001 3471 etiam
1020 3403 1164 3494 quidam
1188 3403 1233 3473 ab
1251 3403 1385 3473 eisdem
1401 3403 1486 3494 ipsis

436 3518 612 3589 haereticis
646 3527 790 3609 propter
819 3517 915 3586 hunc
945 3519 1099 3588 eundem
1131 3541 1284 3589 errorem
1315 3518 1486 3588 confictus

436 3635 534 3717 liber,
570 3634 630 3725 qui
665 3633 868 3703 inscribitur
901 3631 1025 3703 ³Pauli
1059 3635 1273 3725 praedicatio.
1337 3633 1380 3704 In
1415 3656 1487 3726 quo

478 3792 486 3815 ¹
502 3785 643 3859 Anorilui]
668 3784 776 3841 Plinius
789 3784 838 3840 lih.
853 3800 869 3857 3
875 3797 901 3858 5.
922 3783 971 3839 ubi
985 3784 1021 3839 de
1036 3782 1180 3856 sulphure,
1195 3781 1278 3838 Lusit
1291 3789 1321 3838 et
1334 3782 1488 3839 Anaxilaus

438 3901 482 3947 eo,
497 3882 623 3937 condens
641 3881 671 3935 in
685 3879 772 3936 calice
790 3898 876 3943 novo,
891 3896 1038 3952 prunaque
1052 3877 1166 3933 subdita
1181 3876 1392 3942 circumferens,
1406 3897 1487 3935 exar-

438 3977 579 4036 descentis
601 3993 768 4049 repercussu
789 3975 926 4049 pallorem
949 3974 1052 4041 dirum,
1067 3972 1145 4029 velut
1165 3972 1374 4037 defunctorum,
1397 3975 1488 4030 effun.

439 4077 524 4133 dente
538 4072 683 4130 conviviis.
705 4072 834 4128 Rrennn.
856 4070 916 4127 scil.
931 4088 995 4145 cap.
1006 4081 1054 4144 50.
1069 4068 1115 4124 An
1131 4067 1222 4124 Plinio
1235 4068 1431 4142 reponendum
1444 4079 1488 4127 est

440 4172 559 4229 concine
572 4189 623 4243 pro
638 4168 795 4225 conviviis?

481 4266 601 4339 'utique
619 4264 762 4321 haesitabis
781 4272 876 4321 utrum
894 4263 999 4320 habeat
1013 4262 1154 4338 baptisma
1168 4280 1221 4319 nec
1236 4261 1285 4335 ne]
1309 4260 1491 4319 conterenda

441 4373 485 4422 est
501 4362 530 4421 S.
540 4361 669 4437 Dionysii
681 4360 762 4418 Alex.
776 4359 903 4435 Epistola
917 4361 953 4417 ad
969 4360 998 4416 S,
1009 4358 1129 4418 Sextum
1141 4360 1302 4416 Romanum
1316 4359 1392 4434 apud
1401 4358 1491 4415 Eusc-

441 4461 518 4519 bium
533 4459 608 4515 Hist.
624 4458 702 4515 Eccl.
718 4458 765 4514 vii.
781 4475 809 4533 9.

482 4566 491 4597 ⁸
506 4556 585 4613 Pauli
598 4555 776 4631 praedicatio]
795 4554 841 4610 Ita
855 4562 936 4611 vetus
950 4553 1051 4618 codex,
1067 4551 1209 4627 Rigaltius
1222 4552 1316 4626 posuit
1326 4552 1415 4617 Petri,
1425 4552 1491 4626 quia

442 4655 559 4729 hujusce
578 4653 674 4727 scripti
695 4652 884 4710 meminerunt
900 4649 1039 4707 Eusebius
1053 4657 1082 4706 et
1099 4647 1291 4724 Hieronymus
1312 4648 1341 4705 in
1361 4648 1433 4705 libro
1454 4647 1490 4705 de
