3817 5692
656 704 721 764 258
1024 702 1054 762 S.
1075 699 1344 763 AUGUSTlNl

657 875 806 964 majores
823 883 969 954 nostros,
988 875 1024 941 in
1042 872 1174 963 'quibus
1199 871 1286 941 nihil
1309 871 1381 941 tale
1406 874 1551 963 quando
1572 871 1704 963 objece

659 999 750 1069 runt,
770 988 916 1079 probare
934 997 1147 1079 potuerunt;
1173 988 1202 1056 si
1226 987 1293 1057 hoc
1310 988 1352 1056 tit
1375 990 1524 1080 quisque
1543 989 1647 1079 quod
1666 1010 1704 1057 es

659 1101 720 1172 ille
747 1105 804 1172 cui
833 1104 1158 1183 communicaverit,
1182 1124 1305 1172 omnes
1331 1112 1417 1172 tuuc
1441 1103 1601 1173 haeretici
1631 1104 1704 1172 fact

660 1227 751 1287 suut.
803 1217 907 1299 Quod
933 1219 962 1286 si
989 1219 1144 1309 quisquis
1170 1218 1267 1299 dicit,
1290 1218 1429 1288 insanit.
1483 1216 1634 1287 Falsum
1662 1239 1704 1286 es

660 1332 753 1423 quod
780 1333 846 1401 iste
872 1333 933 1417 ait,
952 1331 1023 1419 Qui
1038 1329 1235 1402 hereticum
1258 1333 1333 1402 sine
1354 1331 1520 1426 baptismo
1547 1331 1599 1401 ad
1624 1354 1704 1402 com

660 1447 854 1515 narrationem
882 1445 1043 1528 admittit,
1071 1471 1132 1517 nec
1159 1444 1336 1518 daereticos
1359 1455 1497 1543 perpet,
1526 1454 1558 1515 et
1588 1442 1704 1518 Cla-ris

660 1561 772 1630 tiones
800 1561 970 1654 inquinat.
1022 1561 1101 1632 Aut
1130 1564 1158 1631 si
1191 1562 1257 1632 hoc
1289 1586 1411 1632 verum
1439 1571 1605 1641 estnon
1637 1562 1704 1630 sim

660 1678 835 1768 baptismo
867 1676 1157 1759 admittebantur,
1184 1679 1245 1747 sed
1279 1678 1458 1748 habebant
1491 1676 1704 1768 baptismun

661 1791 803 1871 Christi,
822 1792 981 1882 quamvis
998 1793 1091 1883 apud
1109 1793 1296 1863 haereticos
1314 1794 1436 1862 datum
1454 1801 1491 1862 et
1508 1800 1704 1883 acceptum

661 1910 721 1999 qui
740 1908 931 1977 secundum
956 1906 1054 1975 illam
1078 1909 1381 1992 consuetudinem,
1401 1908 1445 1976 de
1462 1929 1532 1998 qua
1548 1908 1608 1976 isti
1627 1930 1704 1976 con·

660 2023 817 2104 fitentur,
835 2022 885 2090 sic
902 2021 1203 2091 admittebantur:
1230 2046 1271 2092 ac
1297 2046 1360 2113 per
1384 2023 1452 2092 hoc
1474 2030 1571 2091 recte
1598 2024 1704 2092 etian

659 2160 754 2207 nunc
770 2137 819 2205 sic
837 2136 1087 2207 admittuntur.

497 2257 561 2305 cn.
575 2270 598 2316 s·
711 2250 878 2320 Aurelius
895 2250 940 2318 ab
955 2250 1066 2321 Utica
1082 2251 1193 2321 dixit:
1219 2250 1308 2324 Cum
1326 2247 1704 2344 circamundanum

498 2336 622 2449 {ffim'v'
661 2365 979 2437 communicandam
1008 2367 1154 2459 peccatis
1184 2364 1330 2445 alienis3
1363 2365 1449 2460 qnid
1476 2363 1575 2434 alind
1606 2388 1704 2459 quun

656 2483 807 2576 peccatis
828 2479 952 2550 olienis
970 2482 1206 2560 comnennicat,
1224 2484 1285 2575 qni
1309 2482 1385 2551 sinc
1409 2480 1573 2574 baptismo
1590 2478 1704 2551 Ecclc

661 2599 724 2668 sice
740 2595 911 2669 hoereticis
933 2597 1191 2667 cmnmnnicat?
1226 2596 1275 2668 Et
1298 2597 1375 2668 ideo
1395 2620 1509 2668 carneo
1531 2593 1704 2688 baptiza-n·

662 2712 723 2782 dos
741 2735 810 2781 esse
833 2707 1022 2792 haereticos,
1041 2718 1078 2779 nt
1101 2711 1273 2804 accipiurtt
1289 2712 1466 2780 sentiscant
1479 2715 1704 2801 peccator-nm

663 2835 693 2897 et
710 2828 761 2896 sic
778 2824 849 2895 illis
866 2826 1141 2896 cenomanicetnr.

714 2942 986 3032 Respondetur3
1021 2939 1305 3010 communicavit
1334 2965 1417 3033 ergo
1447 2938 1645 3032 Cyprianus
1677 2964 1704 3010 e*

663 3058 720 3126 isti
740 3078 862 3126 omnes
886 3057 1040 3146 peccatis
1062 3055 1195 3135 alienis,
1214 3058 1296 3147 quia
1313 3080 1394 3127 cum
1412 3055 1542 3125 talibus
1559 3056 1596 3123 in
1614 3078 1704 3126 com

664 3173 831 3241 munione
848 3179 1063 3251 manserunt,
1081 3170 1222 3260 quando
1246 3170 1423 3238 nemiuem
1447 3166 1508 3259 qui
1531 3167 1704 3237 diversun

664 3290 772 3357 sensit
790 3310 811 3356 a
821 3288 903 3377 jure
920 3286 1177 3355 communionis
1194 3293 1413 3355 amoverunt.
1463 3283 1537 3353 Ubi
1554 3292 1608 3352 est
1626 3307 1704 3378 erg<

664 3400 844 3472 Ecclesia?
872 3400 1011 3469 Deinde
1024 3401 1078 3468 uti
1097 3401 1141 3469 de
1158 3399 1330 3467 baercticis
1347 3408 1493 3477 taceam,
1508 3418 1590 3465 cum
1605 3397 1704 3467 verba

664 3518 768 3606 hujus
785 3516 968 3585 sententiae
986 3516 1093 3584 etiam
1119 3515 1163 3582 de
1185 3514 1263 3583 aliis
1285 3512 1528 3604 peccatoribus
1545 3511 1612 3579 dici
1633 3535 1704 3603 pos

665 3633 744 3714 sint,
775 3629 897 3721 quales
928 3632 965 3698 in
997 3629 1156 3699 Ecclesia
1185 3651 1304 3698 secum
1333 3628 1527 3721 Cyprianus
1554 3626 1704 3699 videbat

665 3747 843 3839 gemebat,
867 3746 1049 3838 arguebat,
1072 3739 1250 3824 hferebat3
1278 3742 1336 3811 ubi
1364 3753 1418 3811 est
1443 3740 1610 3824 Ecclesia,
1630 3768 1704 3835 qua

666 3862 858 3930 secuudum
885 3861 958 3930 baec
977 3862 1084 3930 verba
1108 3862 1184 3951 jam
1206 3868 1291 3927 tunc
1318 3860 1462 3949 periisse
1488 3860 1704 3930 existimatu:

666 3978 875 4068 contagione
904 3974 1151 4066 peccatorum?
1186 3975 1224 4043 Si
1255 3985 1387 4054 autem,
1415 3975 1506 4043 sicut
1535 3995 1572 4042 se
1602 3973 1704 4045 habe

646 4075 863 4162 ¹firmissima
882 4091 1022 4171 veritas,
1041 4089 1202 4159 Ecclesia
1226 4089 1418 4180 permansit
1444 4098 1482 4157 et
1507 4100 1696 4180 permanet

666 4228 735 4273 non
764 4206 829 4273 nisi
858 4206 893 4272 in
922 4205 1150 4273 consensione
1176 4202 1407 4293 intelligenda
1431 4213 1485 4271 est
1510 4207 1704 4273 communi«

666 4329 902 4412 peccatorum,
938 4341 1044 4409 quam
1080 4328 1178 4387 vetat
1212 4317 1414 4409 Apostolus.
1479 4316 1704 4407 Baptizentu

665 4444 785 4506 autem
804 4436 934 4504 iterum
952 4434 1122 4514 haeretici,
1141 4444 1181 4503 ut
1198 4435 1372 4524 accipiant
1390 4435 1568 4502 remissam
1588 4455 1703 4523 pecca

986 4637 1001 4683 ¹¹
1018 4639 1148 4696 Vaticani
1162 4637 1252 4695 MSS.
1258 4637 1390 4712 feriebat.
