3817 5692
505 668 570 732 ³46
646 666 953 731 TESTIMONIA
977 667 1041 728 DE
1066 665 1421 729 AUCTORITATE

506 873 598 924 ματα
626 838 688 918 τὰς
712 838 799 936 ἱεράς
824 839 976 926 βίβλους,
1005 838 1084 907 ἁλλ’
1110 836 1148 931 έξ
1175 839 1344 914 ἐπιπνοίας
1368 844 1430 909 τοῦ
1458 840 1557 930 ἁγίου

507 955 711 1038 Πνεῦματος,
728 956 917 1042 βουλήματι
941 959 1003 1024 τοῦ
1023 950 1162 1048 Πατρδς
1184 958 1249 1024 τῦν
1266 952 1352 1023 ὅλων
1376 951 1427 1025 διὰ
1445 954 1558 1035 Ἰησοῦ

505 1070 663 1167 Χριστοῦ
679 1071 802 1146 ταῦτας
825 1067 1085 1166 ἀναγεγράφθαι
1107 1070 1159 1139 καὶ
1184 1072 1227 1146 είς
1252 1071 1333 1150 ἡμᾶς
1358 1070 1557 1152 ἐληλυθέναι,

504 1185 564 1263 τὰς
581 1187 778 1282 φαινομένας
795 1183 887 1261 όδοῦς
903 1182 1120 1255 ὑποδεικτέον·
1147 1185 1319 1281 ἐχομένους
1341 1192 1403 1256 τοῦ
1427 1186 1558 1262 κανόνος

504 1310 562 1385 τῆς
577 1301 689 1384 Ἰησοῦ
706 1299 864 1398 Χριστοῦ
880 1298 966 1371 κατὰ
989 1299 1143 1395 διαδοχὴν
1158 1306 1225 1371 τῶν
1242 1300 1445 1371 ἀποστόλων
1462 1302 1559 1398 οῦρα·

507 1418 572 1488 νίου
588 1418 768 1499 ἐκκλησίας.
796 1417 889 1488 Ibid.
907 1440 984 1510 cap.
999 1423 1033 1496 9.
1052 1442 1084 1510 p.
1104 1416 1184 1490 166.

556 1532 634 1625 Κᾷν
651 1534 704 1604 έπί
726 1531 771 1605 τά
795 1533 978 1625 εῦαγγελια
1003 1530 1037 1603 δέ
1061 1528 1250 1629 φθάσωμεν,
1268 1533 1414 1622 κᾴκείνων
1430 1535 1449 1603 ὁ
1467 1534 1558 1630 ἄκρι-

504 1650 567 1737 βῦης
585 1656 662 1735 νοῦς,
679 1648 741 1721 ἅτε
763 1656 833 1725 νοῦς
852 1647 895 1720 ιῦν
912 1647 1081 1745 Χριστοῦ,
1099 1648 1201 1720 δεῖται
1219 1647 1360 1746 χάριτος
1377 1656 1436 1730 τῆς
1453 1649 1558 1720 δοθεί·

506 1797 565 1848 σης
581 1772 631 1857 τῷ
646 1766 799 1862 εἰρηκότι·
828 1770 914 1849 ἡμεῖς
937 1764 971 1836 δὲ
995 1773 1066 1835 νοῦν
1083 1763 1242 1862 Χριστοῦ
1258 1766 1386 1861 ἔχομεν,
1400 1766 1453 1836 ’ίνα
1471 1764 1558 1835 είδιῦ·

505 1912 563 1962 μεν
577 1879 621 1953 τὰ
638 1878 702 1951 ῦπδ
719 1888 780 1953 τοῦ
793 1880 879 1951 θεοῦ
895 1882 1100 1977 χαρισθέντα
1119 1884 1201 1963 ἡμῖν·
1219 1881 1239 1951 ἃ
1259 1881 1310 1950 καί
1323 1887 1488 1961 λαλοῦμεν
1501 1881 1558 1949 οῦκ

506 1998 538 2066 έν
556 1994 717 2072 διδακτοῖς
735 1989 933 2091 ἆνθρωπίνης
954 1996 1080 2092 σοφίας
1104 1995 1233 2087 λόγοις,
1250 1996 1326 2064 ἀλλ’
1345 1995 1377 2064 έν
1394 1992 1559 2072 διδακτοῖς

509 2110 703 2195 Πνεῦματος
720 2109 756 2198 (1
775 2110 856 2185 Cor.
871 2113 906 2181 ii.
923 2109 982 2182 16.
1000 2120 1038 2182 et
1056 2117 1142 2207 la).
1183 2110 1252 2180 Καί
1270 2108 1314 2181 τά
1332 2111 1559 2192 ἇποκεκαλυμ·

506 2229 585 2311 μένα
604 2226 637 2298 δὲ
653 2233 702 2317 τῷ
715 2222 846 2320 Ἰωάννη
869 2228 919 2303 τίς
942 2228 997 2296 οῦκ
1021 2224 1060 2297 όν
1077 2226 1233 2319 άναγνοδς
1249 2227 1479 2319 καταπλαγείη
1496 2227 1558 2307 τὴν

506 2339 685 2438 ε’τίκρυφιν
707 2347 773 2414 τῶν
794 2341 990 2438 ἆποῤῥῆτων
1013 2343 1208 2439 μυστηρίων,
1225 2343 1277 2412 καί
1297 2348 1345 2434 τῷ
1368 2343 1411 2425 μη
1430 2348 1557 2413 νοοῦντι

508 2456 553 2530 τά
569 2457 782 2554 γεγραμμένα
796 2458 1039 2554 ἐμφαινομένων
1053 2456 1152 2545 (MS.
1166 2458 1437 2555 ε’μφαινομένην);
1464 2457 1558 2528 Ibid.

507 2598 582 2666 cap.
600 2577 658 2643 10.
678 2596 710 2665 p.
726 2570 809 2648 167.

557 2685 608 2755 Οῦ
631 2685 730 2767 μόνον
747 2684 781 2756 δὲ
804 2688 878 2782 περί
904 2692 969 2757 τιῦν
992 2685 1059 2784 πρὸ
1086 2695 1144 2769 τῆς
1173 2688 1353 2783 παρουσίας
1379 2692 1488 2756 ταῦτα
1512 2682 1558 2753 τὸ

509 2799 642 2884 Πνεῦμα
659 2802 872 2891 ᾠκονόμησεν,
890 2802 967 2871 ἀλλ’
985 2801 1048 2873 ἅτε
1062 2800 1105 2874 τῦ
1122 2802 1203 2875 αῦτδ
1221 2801 1400 2900 τυγχάνον,
1416 2800 1468 2872 καί
1486 2800 1556 2871 άπῦ

506 2921 568 2987 τοῦ
584 2918 653 2992 ένος
666 2916 763 3001 θεοῦ,
773 2915 815 2988 τὸ
833 2917 947 3000 ὅμοιον
960 2920 1013 2989 καὶ
1030 2919 1083 2988 ἐπὶ
1101 2924 1166 2989 τῶν
1179 2920 1377 3011 εὐαγγελίων
1390 2918 1556 3000 πεποίηκε,

506 3032 558 3102 καί
576 3033 629 3102 ἐπὶ
646 3037 712 3104 τῶν
728 3033 942 3105 ἆποστολων.
971 3035 1061 3107 Ibid.
1080 3059 1156 3129 cap.
1171 3034 1229 3107 16.
1250 3059 1283 3129 p.
1299 3041 1382 3113 174.

562 3188 662 3202 —-
683 3147 726 3220 τδ
752 3146 883 3243 διδάξαν
909 3148 1055 3221 Μωῦσέα
1083 3150 1217 3235 Πνεῦμα
1243 3152 1303 3233 την
1324 3152 1557 3247 πρεσβυτέραν

506 3267 605 3335 αὑτοῦ
632 3266 785 3362 ἱστορίαν
812 3265 993 3362 ἀρξαμένην
1018 3263 1087 3336 ἆπδ
1111 3275 1170 3349 τῆς
1198 3268 1429 3359 κοσμογενείας
1454 3267 1555 3364 μεχρί

506 3388 564 3462 τῆς
582 3381 676 3477 (sor.
694 3387 760 3452 τῶν
778 3383 957 3475 Gaietan.)
973 3379 1058 3453 κατὰ
1081 3381 1142 3453 τὸν
1156 3382 1321 3479 Ἀβραὰμ
1346 3381 1407 3454 τδν
1423 3382 1556 3479 πατέρα

507 3498 615 3576 αι’ποῦ,
633 3499 724 3566 τοῦτ’
744 3494 869 3589 ἐδίδαξε
891 3496 1037 3573 καὶτοὺς
1057 3495 1263 3594 γράψαντας
1282 3498 1326 3570 τὸ
1348 3499 1556 3590 εῦαγγέλιον,

505 3607 549 3680 τδ
579 3611 751 3701 γενόμενον
782 3609 973 3704 παράδοξον
1002 3611 1087 3683 κατὰ
1115 3610 1175 3683 τὸν
1198 3614 1319 3710 χρόνον
1341 3619 1403 3684 τοῦ
1428 3613 1557 3699 βαπτί-

506 3755 635 3807 σματος
649 3724 771 3807 Ἰησοῦ.
825 3726 958 3801 Contra
977 3726 1124 3812 Celsum,
1142 3729 1202 3801 lib.
1217 3731 1240 3799 i.
1259 3753 1335 3822 cap.
1346 3733 1405 3798 44.
1423 3752 1456 3821 p.
1470 3726 1556 3799 360.

508 3841 640 3914 Confer
656 3866 732 3936 cap.
747 3847 806 3914 48.

558 3997 658 4012 -·-·-
673 3960 780 4050 τούτῳ
799 3959 826 4030 δ’
844 3961 1055 4043 ἠκολούθησε,
1070 3958 1235 4056 διαφόρως
1252 3957 1462 4052 ἐκδεξαμένων
1477 3957 1557 4034 τοῦς

506 4070 574 4155 ἅμα
601 4076 684 4143 πᾶσι
712 4074 947 4149 πιστευθέντας
970 4072 1046 4143 εἶναι
1071 4075 1171 4150 θείους
1188 4074 1321 4165 λόγους,
1341 4071 1383 4144 τῦ
1401 4073 1556 4165 γίνεσθαι

508 4187 646 4280 αἱρέσεις
669 4189 847 4272 ε’πωνῦμους
863 4194 928 4259 τῶν
947 4186 1182 4272 θαυμασάντων
1204 4188 1262 4272 μέν
1278 4190 1338 4271 τὴν
1354 4195 1416 4258 τοῦ
1433 4185 1559 4281 Λόγου

508 4302 624 4397 ἀρχὴν,
638 4303 825 4384 κινηθέντων
839 4302 867 4374 δ’
880 4304 967 4380 ὅπως
985 4306 1062 4375 ποτ’
1079 4302 1131 4374 οῦν
1144 4305 1209 4374 ῦπό
1220 4336 1315 4376 τινων
1327 4307 1559 4385 πιθανοτῆτων

508 4414 591 4512 πρὸς
607 4414 668 4491 τὰς
686 4420 728 4495 εἰς
745 4419 910 4501 ἀλλήλους
930 4417 1117 4514 διαφωνίας.
1155 4421 1246 4492 Ibid.
1264 4421 1324 4492 lib.
1338 4422 1387 4490 iii.
1405 4442 1481 4513 cap.
1497 4425 1558 4491 12.

508 4553 542 4624 p.
557 4536 640 4604 455.
