3817 5692
765 707 1079 773 DISPUTATIO.
1383 711 1446 778 165

394 882 499 952 Jesus
516 881 643 963 aiebat,
656 879 749 951 iAdon
760 881 904 975 putetis,
922 880 1003 975 quic
1020 906 1079 978 epo
1097 907 1154 954 uos
1171 884 1334 956 accusabo
1351 887 1446 981 opud

394 995 548 1067 Putrem.
599 995 666 1067 Est
691 997 752 1090 qrri
777 1020 835 1068 cos
859 1007 992 1068 accuset
1008 997 1161 1093 rlsoyses,
1179 996 1243 1070 lin
1269 1025 1365 1094 quern
1388 1025 1446 1074 oos

394 1111 563 1205 speratis:
588 1112 622 1181 si
643 1113 735 1182 enirn
752 1106 952 1184 lcrcdcretis
972 1110 1105 1208 Moysi,
1124 1113 1306 1185 mcdmetis
1329 1116 1446 1210 utiquc

394 1234 427 1296 et
456 1223 544 1296 milri
553 1253 565 1305 ;
592 1225 634 1297 de
658 1249 711 1298 mc
740 1228 831 1297 onim
861 1225 919 1298 illc
948 1229 1099 1322 scripsit.
1153 1227 1255 1316 Quod
1277 1229 1310 1298 si
1335 1227 1446 1300 literis

395 1339 490 1412 illius
523 1365 593 1412 reon
627 1341 777 1424 creditis,
806 1342 974 1437 qrromodo
1007 1342 1117 1415 nordh
1152 1344 1235 1414 meh
1271 1343 1446 1416 credetis?

396 1459 489 1530 Sunt
523 1461 631 1529 etiam
662 1460 763 1529 malia
793 1460 916 1543 multa,
946 1483 1027 1551 quae
1058 1461 1127 1530 dici
1159 1468 1302 1553 possent
1331 1470 1370 1533 et
1400 1463 1445 1532 de

394 1574 569 1668 Apostolo
588 1574 710 1657 Paulo,
734 1586 770 1645 et
797 1576 842 1646 de
867 1574 1080 1670 Evangeliis,
1104 1599 1151 1646 ex
1176 1576 1304 1668 quibus
1329 1586 1446 1647 osten-

394 1691 478 1761 dere
512 1714 697 1783 possumus
728 1703 885 1763 veterem
922 1692 1037 1785 legem
1073 1715 1144 1762 non
1179 1713 1255 1761 esse
1289 1690 1444 1774 alterius,

394 1829 501 1899 quam
527 1807 683 1891 Domini,
708 1809 807 1900 cujus
833 1818 887 1878 est
913 1831 1044 1878 novum
1062 1808 1348 1890 Testamentum,
1366 1831 1444 1900 quae

393 1945 457 1992 nos
474 1931 719 2014 competenter
735 1934 947 2015 ”exponere
965 1933 1002 1993 et
1019 1933 1140 2013 aptare
1158 1925 1333 1993 convenit.
1360 1923 1444 1995 Jam

394 2060 519 2130 vesper
545 2040 705 2131 impedit,
734 2040 809 2109 dies
839 2042 934 2110 enim
965 2039 1151 2120 clauditur,
1179 2049 1216 2109 et
1246 2039 1352 2109 finem
1381 2062 1444 2111 nos

393 2153 595 2244 disputandi
613 2153 729 2223 facere
752 2176 814 2245 par
837 2162 913 2237 est;
937 2155 1090 2224 erastino
1107 2164 1228 2224 autem
1246 2155 1381 2238 ⁰nobis,
1399 2155 1444 2225 de

393 2269 520 2358 quibus
546 2269 611 2339 tibi
639 2271 787 2350 videtur,
814 2272 1028 2361 quaestiones
1054 2269 1260 2341 habeantur.
1314 2271 1363 2341 Et
1389 2271 1444 2343 his

394 2383 497 2454 dictis
514 2385 781 2455 discesseruntl‘.

444 2499 586 2571 XLVI.
613 2499 705 2571 Cum
736 2510 858 2571 autem
892 2523 996 2571 mane
1026 2501 1160 2571 factum
1191 2512 1296 2584 esset,
1325 2502 1442 2572 subito

393 2615 597 2686 adventavit
614 2617 812 2688 Archelaus
833 2618 878 2687 ad
899 2617 1085 2687 castellnm
1103 2617 1207 2698 hunc,
1226 2620 1262 2686 in
1281 2641 1350 2708 quo
1368 2641 1443 2688 mo·

392 2733 537 2802 rabatur
563 2732 752 2816 Diodorus,
773 2735 976 2825 priusquam
1007 2734 1150 2802 omuino
1180 2733 1365 2825 quisquam
1398 2736 1441 2806 ad

393 2847 574 2937 publicum
609 2850 827 2940 procederet.
880 2847 1010 2918 Manes
1039 2872 1123 2918 vero
1155 2849 1319 2941 ignorans
1353 2873 1442 2940 prae-

393 2973 531 3033 sentem
560 2986 638 3034 esse
668 2962 897 3047 Archelaum,
923 2987 1061 3035 mrsum
1091 2963 1288 3035 Diodorum
1317 2986 1442 3056 provo-

392 3083 497 3151 cabat
521 3081 565 3151 ad
591 3081 784 3174 publicum,
802 3092 844 3151 nt
864 3104 946 3151 cum
972 3104 1016 3151 eo
1040 3081 1278 3173 disputatione
1296 3089 1442 3150 conten-

393 3197 503 3278 deret,
530 3197 653 3267 volens
686 3220 768 3267 eum
801 3197 916 3267 verbis
950 3199 1159 3289 opprimere,
1189 3219 1235 3265 ex
1270 3219 1313 3266 eo
1345 3197 1440 3287 quod

391 3312 607 3394 advertebat,
636 3335 717 3382 eum
750 3311 930 3383 hominem
959 3335 1036 3383 esse
1065 3311 1272 3405 simplicem,
1302 3321 1339 3381 et
1369 3333 1441 3381 non

391 3428 476 3497 satis
499 3429 749 3520 scripturarum
773 3429 1029 3521 quaestiouibus
1047 3428 1245 3510 eruditum
1273 3424 1440 3497 Archelai

391 3544 486 3613 enim
504 3545 671 3614 dootrinae
681 3546 759 3635 jam
776 3554 982 3637 perceperat
999 3552 1154 3638 gustum.
1189 3540 1282 3612 Cum
1300 3564 1384 3636 ergo
1402 3550 1440 3613 et

430 3745 438 3789 i
454 3749 554 3806 Codex
569 3748 727 3816 Bobiensis,
741 3750 806 3806 Non
815 3750 943 3826 potestis.
959 3749 1081 3824 pessima
1095 3748 1187 3805 lectio.

431 3845 444 3882 ⁸
461 3845 625 3902 Catinensis
640 3846 739 3911 codex,
753 3846 875 3921 Moyses,
890 3865 973 3922 quem.
996 3846 1080 3902 lectio
1094 3844 1254 3920 rejicienda.

430 3939 439 3982 ¹
454 3942 554 3999 Codex
565 3942 723 4006 Bobiensis,
733 3944 844 4000 creditis
852 3943 957 4017 Moysi,
967 3941 1317 4017 crederitisutiqueforson
1326 3952 1351 3999 et
1363 3945 1437 4004 milri.

431 4050 454 4082 ¹¹¹
470 4040 569 4096 Codex
584 4039 757 4106 Casinensis,
772 4039 828 4096 alic
836 4040 923 4115 pluro
931 4042 1002 4113 jam,
1018 4059 1077 4116 quc
1091 4040 1147 4097 dici
1155 4042 1274 4115 possint.

429 4149 445 4180 ¹¹
460 4138 557 4195 Codex
575 4138 733 4205 Bobiensis,
749 4158 879 4216 exponere
896 4150 922 4196 et
939 4159 957 4196 a
972 4139 1059 4198 Putre
1079 4148 1109 4197 at
1129 4142 1260 4206 conuenit,
1276 4161 1338 4216 quae
1353 4142 1439 4199 verba

387 4256 451 4292 cum
473 4237 581 4294 nullum
602 4237 707 4294 habere
724 4256 839 4294 sensum
853 4237 971 4295 vidisset
985 4239 1126 4304 Valesius,
1141 4258 1272 4314 reponere
1289 4247 1315 4296 et
1330 4241 1438 4315 aperire

387 4343 416 4390 nt
431 4335 560 4398 conuenit,
575 4333 783 4392 emendandum
805 4353 868 4392 esse
889 4335 1016 4410 putavit:
1039 4345 1068 4392 et
1089 4337 1202 4410 quidem
1225 4355 1282 4393 non
1304 4346 1390 4401 recte,
1405 4343 1438 4392 ut

387 4449 423 4486 ex
438 4430 585 4487 Casinensi
601 4431 698 4488 codice
713 4441 837 4506 apparet.

427 4535 442 4568 ⁰
457 4526 556 4584 Codex
572 4527 721 4584 Bobiensis
734 4546 793 4584 non
807 4536 893 4590 recte,
909 4528 994 4585 uobis.

428 4635 443 4679 Ρ
458 4624 523 4682 Huc
538 4643 626 4699 usque
640 4625 728 4683 edidit
742 4625 882 4682 Valesius.
