3817 5692
761 693 1072 757 DISPUTATIO.
1375 697 1439 763 175

392 867 474 938 belli
494 867 739 950 toleraverant,
758 876 970 960 procuraret,
989 866 1132 957 qnidam
1156 868 1189 938 ei
1211 868 1357 937 nuntius
1374 869 1440 938 im-

391 990 563 1073 portunus
576 1005 771 1065 occurrens,
783 984 827 1052 de
841 982 945 1053 rebus
960 981 1163 1051 domesticis
1176 1004 1363 1074 suggerere
1377 982 1440 1051 aii-

391 1119 460 1188 qua
485 1098 604 1190 coepit.
656 1097 710 1168 At
736 1096 797 1166 1116
819 1097 1013 1166 admiratus
1037 1106 1092 1166 est
1117 1097 1310 1177 audaciam,
1332 1105 1439 1189 atque

391 1212 629 1303 importunam
647 1212 920 1305 suggestionem,
939 1219 976 1281 et
996 1212 1100 1280 morti
1118 1212 1257 1282 tradere
1278 1209 1439 1302 hujusce-

390 1326 486 1395 modi
516 1327 699 1396 hominem
728 1326 928 1420 cogitabat;
953 1326 1047 1417 quod
1079 1327 1144 1396 nisi
1176 1326 1221 1395 de
1254 1327 1439 1397 carissimis

391 1441 575 1512 affectibus
592 1441 673 1512 talis
690 1444 836 1512 nuntius
857 1441 1045 1523 extitisset,
1063 1464 1106 1511 61
1124 1442 1217 1532 quod
1245 1441 1439 1512 incolumes

391 1580 467 1628 6666
492 1557 566 1639 hos,
584 1567 623 1629 et
650 1568 747 1628 recte
772 1582 813 1628 ac
841 1579 1007 1649 prospere
1033 1566 1179 1649 agentes
1205 1557 1324 1628 omnia
1348 1581 1440 1627 nun-

391 1670 523 1754 tiasset,
538 1671 685 1766 dignum
703 1675 863 1764 protinus
880 1672 999 1765 potuit
1016 1674 1196 1763 excepisse
1213 1671 1437 1763 supplicium.

392 1785 481 1869 Quae
506 1788 600 1857 enim
625 1797 701 1858 erat
727 1811 811 1859 cura
831 1788 900 1858 alia
917 1788 1018 1881 regis,
1037 1786 1122 1857 belli
1147 1788 1321 1857 duntaxat
1347 1797 1439 1857 tem-

390 1923 486 1993 pore,
504 1904 570 1973 nisi
594 1902 860 1994 provincialium
884 1903 987 1985 salus,
1005 1903 1070 1974 nisi
1098 1902 1279 1996 dispositio
1296 1905 1346 1973 rei
1374 1905 1439 1973 mi·

391 2016 526 2089 lituris?
553 2018 611 2090 Ita
636 2028 673 2089 et
700 2019 855 2090 Domino
878 2041 959 2088 meo
984 2016 1073 2088 Jesu
1098 2018 1240 2088 Christo
1265 2020 1437 2112 pugnanti

390 2132 575 2202 adversum
601 2136 789 2225 passiones,
807 2158 884 2225 qnae
910 2134 1084 2227 profunda
1101 2136 1273 2204 viscerum
1291 2134 1438 2204 obsede-

391 2254 480 2328 rant,
499 2257 536 2316 et
556 2255 695 2320 'curans
720 2249 861 2341 eosqui
889 2248 1004 2319 multo
1026 2258 1186 2341 tempore
1215 2249 1317 2319 variis
1342 2249 1438 2318 infir·

390 2361 574 2434 mitatibus
600 2365 742 2436 fuerant
771 2366 937 2446 devincti,
964 2375 1001 2435 et
1030 2364 1199 2436 inclinato
1231 2366 1326 2436 omui
1359 2368 1437 2436 nisu

391 2507 454 2575 pro
477 2479 591 2553 salute
615 2482 873 2563 universitatis;
899 2480 960 2550 ille
983 2481 1128 2550 nuntius
1154 2482 1354 2572 importune
1377 2482 1435 2552 ad·

391 2597 535 2667 veniens
552 2596 598 2666 de
614 2605 728 2665 matre
754 2605 792 2665 et
817 2595 983 2664 fratribus
1004 2594 1192 2664 nuntiavit.
1245 2594 1293 2664 Et
1319 2597 1436 2686 potuit

390 2711 533 2804 quidem
564 2710 716 2781 similem
747 2709 865 2791 Petro,
891 2718 953 2780 aut
979 2710 1087 2780 etiam
1113 2710 1309 2802 graviorem
1337 2732 1437 2779 acce-

389 2827 481 2918 pisse
507 2828 741 2910 sententiam;
767 2827 828 2897 sed
846 2828 969 2895 matris
985 2836 1022 2896 et
1040 2825 1189 2894 fratrum
1213 2824 1434 2895 intellectum

391 2965 519 3012 nornen
538 2943 763 3013 clementiam
780 2942 995 3034 provocavit.

442 3056 585 3129 XLIX.
613 3057 684 3128 Sed
702 3058 908 3150 etamplius
933 3058 1050 3128 adhuc
1071 3055 1234 3126 omnibus
1251 3056 1437 3126 ostendere

391 3175 506 3267 cupio,
532 3183 573 3244 ut
600 3184 792 3268 agnoscant
815 3175 979 3257 universi,
1002 3174 1147 3244 assertio
1173 3181 1237 3241 tua
1262 3181 1435 3263 quantum

390 3290 583 3382 impietatis
617 3291 788 3361 obtineat.
841 3291 880 3361 Si
910 3293 1016 3373 enim,
1045 3291 1238 3361 secundum
1268 3297 1308 3357 tu
1339 3288 1435 3372 dicis,

390 3426 460 3474 non
487 3414 541 3475 661
563 3415 677 3489 natus,
694 3408 769 3477 sine
792 3407 898 3477 dubio
917 3430 982 3477 nec
1008 3428 1128 3499 passus
1150 3417 1225 3487 est;
1247 3405 1321 3496 pati
1340 3404 1434 3474 enim

390 3523 449 3613 qui
468 3531 572 3591 natus
588 3545 657 3592 111
675 3532 740 3604 661,
758 3522 973 3615 impossibile
991 3530 1055 3593 est.
1107 3520 1213 3604 Quod
1238 3521 1267 3590 si
1292 3543 1361 3589 non
1381 3528 1435 3591 est

389 3659 519 3728 passus,
546 3636 669 3710 Crucis
696 3662 824 3708 nomen
852 3639 1021 3708 aufertur.
1073 3637 1187 3708 Cruce
1216 3645 1336 3706 autem
1365 3658 1436 3704 non

390 3762 564 3845 suscepta,
589 3777 656 3823 nec
680 3751 786 3823 Jesus
812 3776 857 3822 ex
885 3753 1034 3823 mortuis
1057 3752 1260 3822 resurrexit.
1313 3750 1435 3834 ²Qu0d

390 3866 417 3935 si
435 3863 542 3934 Jesus
559 3887 604 3934 ex
622 3865 770 3935 mortuis
792 3887 862 3933 nou
885 3864 1085 3944 resurrexit,
1104 3885 1170 3932 nec
1195 3862 1321 3953 aliquis
1347 3859 1436 3930 alius

391 3987 559 4071 resurget.
594 3979 698 4063 Quod
716 3982 744 4050 si
762 3979 880 4049 nullus
897 3989 1067 4072 resurget,
1086 4002 1151 4049 nec
1162 3979 1338 4072 judicium
1356 3977 1435 4046 erit.

390 4095 537 4166 Certum
556 4107 610 4167 est
628 4095 732 4178 enim,
750 4095 834 4189 quia
853 4097 883 4165 si
903 4118 975 4165 non
993 4117 1182 4188 resurgam,
1199 4117 1266 4165 nec
1284 4093 1434 4186 judicer.

388 4213 492 4297 Quod
521 4213 647 4285 sinon
672 4212 847 4305 judicium
875 4213 954 4296 erit,
985 4212 1113 4282 frustra
1141 4213 1209 4283 erit
1237 4209 1435 4281 observatio

388 4332 633 4400 mandatorum
652 4329 731 4413 Dei,
750 4328 868 4400 nullus
881 4329 1102 4401 abstinentie
1123 4328 1221 4398 locus
1238 4336 1302 4408 est,
1319 4332 1435 4395 'mon-

429 4523 437 4547 ¹
455 4517 634 4590 [Ponendum
645 4529 689 4576 est
703 4520 810 4577 curanti
823 4537 875 4595 pro
890 4519 1012 4591 curm]
1083 4519 1092 4542 '
1108 4514 1246 4587 [Secutus
1260 4519 1304 4569 est
1318 4520 1433 4587 aposto-

387 4616 445 4671 lum
461 4616 489 4672 iu
509 4635 519 4672 1
539 4617 606 4675 Cor.
623 4638 667 4674 xv.
683 4619 759 4676 idem
773 4620 948 4692 docentem]
1059 4626 1068 4657 ¹
1087 4635 1097 4673 1
1116 4615 1184 4672 Cor.
1198 4635 1245 4674 xv.
1261 4631 1310 4688 32.
