3817 5692
523 695 586 756 120
738 693 993 756 ARCHELAI
1026 694 1090 755 ΕΤ
1123 694 1342 755 MANETIS

521 863 641 931 aeterni
668 886 805 953 poenam
834 863 1009 954 suscipere
1033 871 1248 931 meruerunt.
1302 862 1369 931 Ille
1396 863 1503 953 igitur
1529 865 1564 931 in

522 986 651 1046 terram
676 977 841 1046 decidens
858 1001 924 1046 neo
942 976 1036 1047 ultra
1060 975 1138 1046 oaeli
1164 978 1363 1069 regionibus
1386 977 1565 1058 admissus,

521 1092 614 1160 inter
639 1092 800 1161 homines
831 1090 1019 1171 volutatur,
1051 1092 1228 1182 decipiens
1255 1114 1323 1172 eos,
1354 1101 1462 1183 atque
1489 1114 1566 1181 per-

520 1206 669 1276 suadens
692 1205 758 1276 sibi
783 1205 915 1275 similes
937 1206 1027 1275 effici
1047 1216 1326 1298 transgressores,
1344 1215 1381 1274 et
1402 1208 1565 1297 usquein

519 1320 728 1390 hodiernum
754 1322 970 1391 adversarius
993 1329 1047 1389 est
1065 1321 1240 1389 mandatis
1264 1320 1343 1388 Dei.
1396 1320 1468 1389 Sed
1494 1343 1564 1389 non

519 1458 642 1505 omnes
669 1434 805 1527 lapsum
835 1436 943 1506 ruinae
973 1436 1049 1526 ejus
1076 1444 1277 1525 sequentur,
1307 1457 1369 1526 pro
1399 1458 1442 1504 eo
1470 1435 1564 1525 quod

519 1550 708 1640 unicuique
733 1548 876 1617 libertas
901 1547 1034 1618 arbitrii
1061 1556 1137 1629 est3
1163 1570 1209 1616 ex
1235 1547 1302 1615 hoo
1326 1549 1420 1615 enim
1443 1556 1481 1616 et
1505 1570 1565 1638 ap·

519 1662 673 1753 pellatus
699 1670 754 1732 est
778 1661 960 1741 Diabolus,
978 1662 1132 1752 eoquod
1157 1661 1343 1730 transitum
1372 1660 1495 1730 feeerit
1521 1660 1565 1729 de

519 1776 729 1858 caelestibus,
748 1783 785 1845 et
803 1774 898 1866 quod
924 1776 960 1843 in
984 1775 1084 1843 terris
1108 1773 1275 1843 mandato
1297 1773 1365 1842 Dei
1389 1775 1566 1843 obtrecta-

518 1900 575 1960 tor
592 1892 771 1960 existeret.
823 1887 917 1971 Quia
933 1898 1053 1957 autem
1073 1887 1170 1957 Deus
1196 1889 1251 1968 sit,
1270 1888 1330 1978 qui
1356 1889 1451 1978 prius
1467 1911 1566 1957 man-

519 2005 642 2075 datum
664 2005 772 2085 dedit,
790 2005 866 2095 ipse
890 2002 1066 2072 Dominus
1088 2001 1194 2072 Jesus
1219 2003 1270 2071 ait
1293 2002 1338 2071 ad
1362 2001 1562 2083 Diabolum,

520 2127 528 2154 ¹
545 2118 638 2189 Vade
649 2127 729 2212 post
746 2141 798 2187 me
814 2115 959 2188 Salano.
988 2118 1037 2187 Et
1054 2118 1128 2188 sine
1146 2118 1254 2187 dubio
1272 2118 1323 2186 ire
1340 2126 1420 2208 post
1435 2117 1563 2198 Deum,

520 2234 609 2301 servi
636 2239 700 2300 est.
753 2228 801 2298 Et
828 2231 957 2298 iterum
981 2230 1075 2321 quod
1100 2232 1151 2299 ait
1181 2231 1225 2298 ad
1253 2253 1345 2311 eum,
1374 2228 1562 2299 Dominum

517 2344 631 2417 Deum
658 2353 752 2414 tuom
776 2341 945 2425 adorabo,
963 2354 994 2414 et
1019 2343 1089 2437 ipsi
1113 2342 1179 2413 soli
1198 2345 1332 2414 seruies.
1385 2343 1561 2427 Quoniam

517 2483 601 2553 ergo
627 2460 917 2550 obtemperabant
940 2460 1083 2549 quidam
1110 2459 1293 2527 hominum
1319 2458 1561 2528 voluntatibus

516 2573 635 2662 ipsius,
653 2571 840 2640 audierunt
864 2594 885 2640 a
908 2570 1101 2654 Salvatore,
1120 2571 1212 2642 'Vos
1237 2596 1282 2643 eo·
1295 2582 1398 2666 patre
1413 2571 1562 2642 Diabolo

516 2685 605 2765 estis,
624 2692 655 2755 et
671 2682 843 2754 desideria
854 2685 971 2777 patris
988 2684 1222 2779 vestrisueere
1238 2684 1351 2755 uultis.
1385 2683 1560 2776 Denique,

516 2822 597 2868 cum
621 2800 750 2869 faciant
769 2798 969 2868 voluntates
994 2800 1082 2890 ejus,
1102 2800 1263 2882 audiunt,
1280 2798 1488 2870 ³Generotio
1512 2800 1562 2868 oi-

510 2938 686 3008 perurum,
714 2915 790 3007 quia
815 2910 907 2983 vobis
932 2914 1078 2985 ostendit
1092 2912 1220 3010 suffere
1247 2913 1288 2984 oh
1309 2915 1366 2983 ira
1393 2917 1562 2984 venturu?

516 3028 637 3099 Facite
670 3052 749 3124 erqo
771 3026 933 3119 fructum
962 3026 1102 3125 dionem
1131 3029 1355 3122 purulentiae.
1407 3028 1463 3096 Ex
1493 3028 1560 3097 hoo

516 3167 599 3235 ergo
616 3144 759 3235 pervide
782 3153 937 3235 ⁴quanta
953 3146 1006 3213 vis
1032 3145 1079 3213 sit
1101 3143 1281 3214 hominem
1299 3143 1399 3213 liberi
1417 3165 1491 3212 esse
1508 3164 1562 3210 ar-

515 3259 621 3327 bitrii.
674 3258 781 3327 Dioat
799 3268 918 3328 tamen
936 3260 1049 3328 etiam
1063 3260 1147 3351 ipse,
1166 3260 1193 3328 si
1212 3267 1266 3327 est
1285 3258 1461 3349 judicium
1487 3257 1560 3347 pio-

515 3395 605 3455 rum,
636 3384 674 3442 et
708 3374 906 3465 impiorum.
962 3373 1098 3444 Munus
1134 3394 1248 3452 nrxrr,
1281 3373 1347 3442 Est
1373 3372 1558 3463 judicium.

514 3487 739 3558 Ancnnnuus
769 3508 883 3567 urxrr,
911 3486 1006 3556 Puto
1032 3512 1109 3578 quae
1140 3499 1183 3557 ⁸a
1208 3487 1310 3557 nobis
1337 3487 1380 3555 de
1409 3484 1560 3554 Diabolo

514 3600 725 3683 dictasunt,
749 3623 819 3670 non
840 3624 964 3692 parum
990 3602 1135 3671 rationis
1160 3610 1197 3671 et
1223 3602 1365 3692 pietatis
1386 3599 1558 3669 obtinent.

515 3711 637 3784 Habet
660 3717 754 3785 enim
772 3725 810 3786 et
832 3739 1051 3806 unaquaeque
1076 3725 1237 3786 ereatura
1255 3714 1413 3783 ordinem
1440 3733 1555 3794 suum,

513 3835 550 3894 et
581 3827 670 3897 alius
694 3829 837 3919 quidem
864 3831 949 3901 ordo
975 3839 1029 3899 est
1056 3830 1201 3899 humani
1228 3828 1378 3920 generis,
1405 3834 1443 3894 et
1470 3824 1559 3893 alius

512 3941 716 4011 animalium
739 3953 802 4024 est,
830 3954 937 4035 atque
962 3942 1052 4012 alius
1076 3942 1307 4036 angelorum3
1333 3962 1404 4008 una
1422 3960 1503 4007 vero
1521 3948 1559 4005 et

512 4054 586 4122 sola
611 4057 886 4127 inconvertibilis
909 4066 963 4127 est
989 4058 1108 4126 divina
1133 4055 1338 4135 substantia,
1362 4062 1502 4131 aeterna,
1520 4062 1559 4120 et
1616 4119 1624 4128 ,

512 4168 704 4250 invisibilia,
736 4173 827 4241 sicut
855 4181 892 4240 et
922 4170 1086 4241 omnibus
1116 4180 1240 4239 notum
1272 4177 1335 4247 est,
1364 4164 1558 4235 secundum

553 4371 565 4402 ⁸
587 4363 621 4418 In
633 4364 781 4421 Casinensi
795 4365 899 4439 iegitur
915 4364 1057 4420 contrario
1079 4382 1172 4426 sensu,
1188 4363 1301 4427 euobis,
1316 4359 1392 4435 quod
1413 4368 1507 4415 tamen
1528 4356 1558 4411 in

407 4489 410 4494 ·
511 4458 587 4514 hunc
600 4459 694 4515 locum
704 4480 761 4516 non
776 4461 903 4534 quadrat.

594 4594 601 4616 ¹
617 4589 689 4646 Mat.
704 4591 742 4647 iv.
759 4607 803 4645 ιο.
926 4590 1033 4646 'Joan
1051 4590 1106 4645 viii.
1122 4607 1172 4660 44.
1295 4592 1304 4621 ³
1319 4586 1394 4640 Mat.
1409 4584 1447 4638 iii.
1464 4600 1491 4653 7.

590 4691 600 4717 ⁴
622 4686 701 4756 [Hoc
716 4696 769 4752 est,
784 4696 918 4762 quantum
934 4687 1026 4743 valeat
1040 4686 1163 4742 hominis
1177 4684 1296 4739 liberum
1311 4679 1480 4752 arbitrium]
