3817 5692
485 704 549 771 294
679 700 741 763 DE
766 699 1149 763 REBAPTISMATE
1175 698 1331 761 LIBER.

485 883 523 945 et
554 873 719 966 periculo,
746 897 816 942 non
846 874 953 942 vereri
981 873 1168 964 detegere,
1195 892 1407 961 quamquam
1437 870 1534 940 nulla

485 990 584 1060 sitin
602 990 679 1072 hoo,
698 989 767 1068 nisi¹
792 992 827 1058 iu
854 1010 971 1058 errore
998 989 1151 1079 ipsorum
1179 986 1331 1064 illorum,
1351 987 1533 1077 turpitudo

484 1105 666 1177 Ecclesia.
716 1104 844 1196 Itaque
861 1105 1017 1173 deterius
1035 1101 1253 1193 delinquitur
1270 1102 1315 1171 ab
1333 1101 1534 1172 bominibus

484 1222 667 1313 ejusmodi,
698 1224 727 1290 si
758 1221 794 1290 id
824 1220 918 1312 quod
949 1220 986 1287 in
1017 1218 1261 1289 observatione
1292 1218 1534 1309 antiquissima

485 1337 546 1407 ¹ab
570 1338 614 1407 iis
639 1345 806 1427 tanquam
834 1357 904 1404 non
930 1343 1027 1404 recte
1050 1334 1113 1403 fiat
1137 1332 1417 1425 reprehenditur,
1434 1343 1472 1403 et
1489 1336 1534 1404 ab

484 1452 540 1522 his
565 1453 625 1543 qui
651 1460 734 1522 ante
760 1473 823 1522 nos
851 1451 1008 1532 fuerunt,
1026 1458 1105 1518 tum
1131 1450 1239 1518 etiam
1266 1449 1412 1519 anobis
1438 1459 1534 1520 recte

485 1568 709 1637 observatum
738 1588 814 1635 esse
841 1574 879 1634 et
907 1564 1083 1634 observari
1112 1564 1300 1633 manifeste
1327 1586 1369 1633 ac
1395 1564 1535 1635 fortiter

486 1683 712 1764 ostendatur3
738 1682 790 1750 ita
811 1689 852 1750 ut
876 1681 943 1751 etsi
969 1680 1111 1771 paribus
1137 1680 1354 1772 argumentis
1375 1701 1421 1748 ex
1439 1689 1535 1750 utra-

486 1821 556 1890 que
573 1808 674 1890 parte
691 1798 995 1891 congrederemur,
1014 1805 1134 1865 tamen
1152 1796 1235 1886 quia
1252 1817 1321 1863 non
1339 1803 1480 1886 poterat
1497 1797 1535 1866 id

486 1914 581 2005 quod
604 1913 839 1983 innovabatur
855 1914 930 1982 sine
948 1912 1164 1982 dissensione
1182 1912 1330 1981 fratrum
1349 1921 1386 1980 et
1404 1912 1534 1981 damno

485 2028 724 2098 ecclesiastico
752 2028 952 2106 consistere,
978 2028 1104 2118 utique
1135 2033 1222 2096 ²non
1253 2026 1381 2097 debeat
1412 2037 1535 2097 contra

485 2143 547 2225 fes,
574 2144 666 2234 quod
697 2143 807 2225 aiunt,
832 2151 871 2212 et
896 2141 1008 2224 nefas,
1035 2143 1070 2211 id
1101 2155 1156 2212 est
1188 2151 1311 2213 contra
1336 2143 1470 2213 bouum
1496 2153 1535 2214 et

485 2280 636 2349 aequurn,
655 2257 822 2328 Ecclesiae
838 2260 943 2328 matri
966 2259 1064 2348 quasi
1092 2257 1231 2328 macula
1248 2270 1383 2329 temere
1401 2258 1533 2353 infligi;

485 2374 606 2465 eisque
629 2375 689 2465 qui
711 2374 778 2444 hoc
800 2374 1030 2457 adtentarint,
1048 2376 1204 2445 audaciae
1222 2376 1327 2466 hujus
1344 2385 1452 2468 atque
1469 2377 1535 2446 im-

485 2490 626 2581 pietatis
641 2491 835 2583 ignominia
851 2492 980 2561 merito
999 2490 1146 2561 deberet
1163 2491 1322 2561 adscribi.
1456 2479 1459 2484 ’

535 2604 588 2674 ΙΙ.
615 2604 688 2676 Sed
713 2606 879 2698 quoniam
905 2618 1054 2677 nonest
1077 2608 1114 2676 in
1140 2620 1260 2677 nostra
1286 2616 1474 2699 potestate,
1491 2617 1534 2678 ut

485 2722 682 2792 secundum
720 2732 937 2815 praeceptum
978 2721 1143 2815 Apostoli
1183 2723 1335 2815 idipsum
1375 2725 1534 2795 dicamus

355 2847 361 2861 '
484 2860 617 2918 omnes,
652 2859 742 2907 neve
776 2838 847 2906 sint
881 2838 918 2907 in
952 2838 1055 2907 nobis
1090 2838 1301 2921 schismata3
1341 2848 1462 2910 tamen
1495 2842 1532 2909 in

484 2961 657 3045 quantum
683 2974 878 3043 possumus,
896 2953 1112 3022 connitimur
1135 2952 1240 3043 hujus
1265 2962 1437 3023 tractatus
1463 2962 1534 3023 sta·

484 3077 564 3137 tum
592 3068 853 3150 demonstrare;
880 3077 917 3137 et
944 3066 1162 3138 turbulentis
1188 3067 1399 3149 hominibus,
1418 3077 1458 3138 ut
1475 3068 1532 3137 vel

484 3206 579 3254 nunc
608 3205 712 3253 suum
742 3183 927 3276 negotium
957 3205 1063 3277 agere
1092 3184 1273 3274 incipiant,
1301 3185 1530 3275 persuadere3

484 3300 726 3370 consecuturis
751 3300 860 3368 etiam
886 3298 1078 3390 plurimum
1104 3299 1215 3378 nobis,
1242 3299 1270 3368 si
1297 3298 1364 3370 boo
1390 3323 1532 3393 quoque

484 3412 630 3486 consilio
647 3436 731 3483 sano
749 3415 894 3483 tandem
913 3413 1089 3483 voluerint
1107 3415 1342 3506 adquiescere.
1385 3416 1435 3486 Et
1451 3417 1532 3487 ideo

484 3550 713 3620 quaecumque
731 3537 930 3598 sanctarum
949 3530 1199 3620 scripturarum
1220 3532 1265 3600 ad
1287 3531 1377 3602 hanc
1393 3541 1531 3624 partem

483 3642 698 3735 pertinentia
720 3650 802 3711 sunt
832 3642 998 3733 capitula,
1022 3645 1218 3714 necessario
1247 3646 1285 3713 in
1312 3669 1422 3715 unum
1448 3670 1532 3717 con·

483 3780 666 3852 geremus:
693 3766 731 3827 et
760 3781 836 3850 quae
868 3759 1034 3829 videntur
1063 3782 1139 3830 esse
1169 3761 1305 3831 diversa
1333 3772 1397 3832 aut
1426 3762 1529 3844 varia,

483 3882 656 3965 quantum
674 3875 816 3965 poterit,
829 3874 1017 3945 manifeste
1035 3876 1128 3944 inter
1143 3898 1181 3945 se
1199 3876 1529 3970 conglutinabimus,

482 3998 522 4060 et
538 3988 731 4058 utilitatem
754 4012 796 4059 ao
819 3991 1044 4060 commodum
1068 3989 1284 4083 singulorum
1310 4016 1373 4084 pro
1395 3995 1531 4065 medio-

483 4105 609 4176 critate
634 4114 753 4175 nostra
778 4106 1070 4189 examinabimus,
1092 4115 1133 4176 ut
1157 4108 1321 4177 ³aooendi
1349 4109 1384 4178 in
1406 4108 1531 4180 Eccle-

524 4284 532 4308 ¹
553 4276 650 4350 abiis]
668 4275 714 4333 Ita
728 4275 824 4351 putavi
838 4276 1018 4334 scribendum
1034 4296 1106 4342 esse,
1122 4297 1186 4334 cum
1201 4286 1285 4335 antea
1297 4279 1441 4354 legeretur
1454 4280 1528 4338 aliis.

484 4371 600 4429 Bsauz.
644 4372 709 4429 For.
724 4372 853 4447 proxime
868 4382 932 4447 post
946 4373 980 4429 ab
994 4374 1059 4430 aliis
1072 4392 1124 4448 pro
1138 4374 1171 4431 ab
1185 4375 1229 4431 lis
1243 4375 1437 4449 reponendum
1451 4384 1506 4432 est.

525 4475 608 4525 'non
634 4470 748 4543 debeat]
773 4470 838 4527 For.
859 4470 1037 4528 scribendum
1060 4472 1248 4538 33311ιὸ3131,
1270 4491 1334 4529 cum
1356 4473 1439 4547 paulo
1464 4482 1531 4548 post

479 4563 586 4623 deberet
600 4585 651 4640 pro
666 4567 760 4623 debeat
773 4568 869 4625 forsan
884 4586 920 4625 ex
934 4569 1032 4626 codice
1046 4570 1203 4644 reposuerit
1218 4570 1360 4627 Baluzius.

520 4663 678 4735 ³sacccndi]
706 4664 846 4739 Rigaltius
871 4666 993 4741 conjecit
1016 4667 1170 4742 legendum
1193 4686 1256 4724 esse
1280 4668 1394 4725 tacendi.
1440 4665 1530 4741 Angli
