3817 5692
572 691 637 754 DE
660 639 1044 755 REBAPTISMATE
1068 690 1230 754 LIBER.
1356 689 1419 753 801

375 864 538 944 terrenit,
573 865 725 932 salutem
763 861 919 932 adimere
949 867 1024 932 'non
1057 865 1159 954 posse
1183 862 1351 932 'credenti
1385 868 1424 931 et

375 978 563 1070 paenitenti
580 978 724 1047 homiui.
774 977 853 1047 Aut
870 979 899 1047 si
917 979 1004 1048 dicis
1024 977 1225 1069 hujusmodi
1242 977 1423 1047 bominem

376 1092 511 1163 salvum
542 1115 612 1162 non
643 1114 744 1184 posse
771 1092 856 1175 fieri,
884 1093 1048 1163 omnibus
1073 1094 1244 1184 episcopis
1272 1091 1424 1163 salutem

377 1210 591 1291 'adimimus
618 1230 706 1300 quos
732 1210 782 1279 ita
808 1209 973 1301 periculis
999 1232 1106 1301 quam
1131 1209 1333 1279 certissimis
1363 1209 1426 1279 ad-

376 1326 529 1418 stringis,
547 1334 588 1393 ut
609 1325 771 1394 omnibus
796 1324 998 1395 hominibus
1021 1326 1081 1417 qui
1108 1326 1173 1396 sub
1195 1348 1279 1396 curs
1301 1347 1425 1395 eorum

376 1452 496 1534 agunt,
507 1448 545 1509 et
562 1438 628 1509 hec
646 1448 753 1530 atque
770 1438 851 1509 illac
868 1439 1032 1531 dispersis
1050 1441 1251 1534 regionibus
1267 1440 1425 1532 ipsorum

376 1557 607 1635 infirmantur,
625 1578 689 1646 per
710 1556 918 1646 semetipsos
939 1557 1125 1626 subvenire
1143 1557 1305 1638 debeant,
1323 1555 1426 1648 'quia

377 1671 486 1740 ceteri
504 1670 665 1739 homines
686 1671 838 1741 minores
855 1669 991 1741 clericis
1008 1671 1068 1763 qui
1087 1670 1339 1764 periclitantur,
1357 1670 1425 1741 hoa

376 1785 470 1856 idem
499 1795 662 1877 praestare
690 1808 761 1855 non
783 1787 918 1878 possint
929 1807 946 1867 ;·
964 1808 1011 1856 ne
1040 1786 1181 1878 sanguis
1211 1806 1333 1855 eorum
1365 1783 1425 1876 qui

376 1904 477 1972 vacui
504 1900 549 1971 de
574 1901 694 1972 seculo
716 1901 831 1972 exisse
848 1902 1075 1983 videbuntur,
1093 1899 1138 1971 de
1160 1922 1268 1970 manu
1292 1900 1426 1992 episco-

376 2041 500 2110 porum
518 2039 661 2088 necesse
678 2017 808 2088 babeat
824 2017 965 2108 requiri.
1061 2079 1063 2082 ,
1419 2018 1430 2100 ’,

426 2132 475 2203 V.
503 2132 613 2203 Porro
642 2142 774 2214 autem,
805 2141 848 2203 ut
881 2154 952 2202 non
987 2133 1168 2227 ignoratis,
1199 2132 1427 2204 credentibus

374 2247 576 2318 homiuibus
602 2250 782 2318 invenitur
805 2247 958 2340 Spiritus
983 2258 1125 2319 sanctus
1147 2271 1169 2318 a
1190 2247 1346 2319 Domino
1364 2248 1425 2319 das

375 2370 433 2431 tus
459 2363 533 2430 sine
559 2363 772 2452 baptismate
797 2386 906 2453 aquae,
931 2364 1022 2432 sicut
1043 2363 1148 2433 Actis
1168 2362 1424 2455 Apostolorum

377 2479 583 2546 continetur
593 2478 627 2546 iu
639 2477 734 2547 hunc
744 2480 906 2547 modum:
920 2474 1048 2548 Adbuc
1057 2475 1488 2571 baraeutePetrooerbaAo
1499 2505 1524 2537 x·
1537 2504 1570 2549 44

375 2590 449 2662 liceo
474 2592 583 2662 irruit
604 2590 762 2686 Spiritus
787 2601 924 2663 sauctus
950 2616 1053 2686 super
1076 2615 1190 2663 omncs
1220 2591 1278 2686 qui
1305 2553 1505 2663 audie-‘⁴⁸‘

375 2705 619 2790 tantumdem,
637 2715 668 2776 et
685 2704 906 2801 obstupefacti
922 2715 1003 2776 sunt
1026 2710 1086 2801 qui
1103 2715 1201 2778 eraut
1217 2731 1261 2777 ae
1277 2708 1425 2779 areum-

375 2824 504 2893 eisioue
525 2820 649 2915 fideles
679 2830 840 2915 quotquot
872 2821 979 2892 simul
1006 2830 1167 2893 acerverant
1200 2846 1275 2892 eum
1305 2822 1423 2917 Petro,

374 2939 457 3032 quia
487 2946 518 3008 et
547 2961 651 3031 super
670 2945 787 3034 pentes
812 2935 938 3007 docum
962 2936 1120 3032 Spiritus
1144 2939 1256 3009 sancti
1280 2936 1425 3033 effusum

375 3062 432 3125 est.
459 3051 641 3123 audiebant
664 3053 754 3122 enim
778 3076 834 3123 eos
858 3051 1029 3147 loquentes
1045 3053 1175 3150 linpuis
1193 3054 1267 3124 suis
1283 3061 1314 3123 et
1331 3076 1424 3150 map-

376 3166 559 3259 aisieabaut
584 3165 710 3238 Deum
765 3166 863 3239 Tuuc
889 3169 1066 3262 respoudit
1090 3169 1228 3251 Petrus,
1253 3166 1426 3263 Nunquid

375 3281 502 3377 aliquis
520 3306 644 3377 aquam
655 3281 840 3377 prohibere
854 3294 966 3379 potest
986 3292 1024 3354 ut
1046 3308 1115 3356 uon
1132 3283 1346 3379 baptizentur
1363 3285 1424 3355 isti

376 3400 437 3493 qui
448 3397 622 3493 Spiritum
641 3407 795 3469 sanetum
814 3410 1016 3494 acceperuut
1028 3400 1117 3471 sieut
1131 3410 1162 3471 et
1174 3401 1269 3471 aas?
1285 3410 1316 3470 et
1330 3422 1425 3494 pecc·

376 3516 464 3608 cepit
474 3538 529 3585 eos
539 3512 713 3608 baptizari
726 3515 764 3584 iu
778 3517 916 3586 nomine
925 3513 1014 3587 Jesu
1025 3513 1171 3589 Christi.
1200 3515 1302 3587 Sicut
1314 3517 1423 3587 etiam

376 3634 471 3702 idem
492 3631 620 3701 Petrus
641 3632 868 3722 postmodum
891 3612 936 3702 de
958 3632 1091 3703 eisdem
1111 3632 1279 3726 gentibus
1295 3631 1425 3725 plenis·

377 3748 465 3817 sime
483 3747 603 3815 docuit
621 3768 685 3815 nos
702 3747 832 3827 dicens,
849 3744 899 3817 Et
920 3744 1013 3817 uidit
1026 3745 1188 3818 discrevit
1205 3748 1297 3818 iuter
1313 3770 1375 3817 isos
1392 3754 1488 3819 etna
1499 3771 1540 3805 xv.
1552 3770 1578 3820 9·

377 3859 559 3954 ipsos‚flde
576 3859 769 3931 emundatis
786 3859 944 3931 cordibus
960 3884 1088 3931 eorum.
1126 3859 1251 3954 Atque
1267 3862 1335 3932 hoc
1353 3885 1424 3933 non

377 3976 445 4045 erit
471 3976 629 4056 dubium,
656 3976 693 4044 in
718 3976 853 4067 Spiritu
883 3985 1004 4046 sancto
1033 3976 1196 4048 homines
1221 4001 1322 4070 posse
1348 3979 1425 4049 sine

377 4114 468 4182 aqua
498 4090 687 4182 baptizari3
725 4091 817 4161 sieut
850 4090 1099 4162 animadvertis
1133 4092 1329 4184 baptizatos
1360 4093 1425 4164 bos

378 4208 473 4298 prius
508 4227 613 4296 quam
654 4227 745 4296 aqua
783 4205 1057 4298 baptizarentur,
1092 4216 1133 4276 ut
1167 4209 1354 4279 satisfieret
1386 4218 1425 4280 et

418 4367 425 4390 ¹
442 4361 606 4434 adimimus]
624 4359 690 4418 For.
706 4362 914 4420 emendandum
928 4364 1036 4420 adimis.
1073 4410 1076 4415 ,

419 4459 507 4532 ’quis
526 4458 612 4515 ceteri
631 4457 762 4516 homines
781 4460 904 4516 minores
925 4460 1034 4517 clericis
1055 4461 1103 4536 qui
1124 4461 1331 4536 periclitentur]
1356 4462 1422 4521 Fora

377 4556 540 4631 legendum,
555 4558 617 4632 quia
636 4559 719 4613 ceteri
738 4556 856 4614 homines
876 4558 994 4613 minoris
1015 4558 1082 4615 cleri
1103 4558 1137 4615 iis
1157 4559 1206 4633 qui
1219 4559 1423 4633 periclitantur.

378 4650 478 4708 Hebes
492 4670 577 4725 supra
590 4670 617 4725 p.
630 4670 698 4728 293.
713 4652 733 4708 l.
748 4651 794 4709 18.
808 4652 836 4709 iu
850 4670 1003 4728 quocunque
1016 4652 1089 4709 clero
1104 4653 1287 4710 constitutum.
