3817 5692
513 718 556 779 52
739 712 994 778 ARCHELAI
1019 712 1083 775 ET
1108 709 1328 774 MANETIS

507 922 604 985 ματι,
625 886 645 965 ὅ
666 888 766 964 ἐστιν
784 887 901 963 αὐτῶν
924 890 1034 982 σῶμα
1060 885 1083 980 ἡ
1111 888 1264 989 σφαῖρα.
1323 876 1416 959 Τότε
1443 874 1556 955 πάλιν

507 1012 548 1091 τὸ
577 1011 646 1113 ζῶν
665 1017 814 1110 Πνεῦμα
841 1012 960 1090 ἔκτισε
990 1008 1072 1092 τοὺς
1101 1012 1308 1114 φωστῆρας,
1334 1004 1357 1083 ά
1387 1006 1466 1083 ε’στι
1494 1005 1557 1100 τῆς

505 1144 629 1244 ψυχῆς
665 1139 834 1244 λείψανα,
866 1140 925 1215 καὶ
962 1139 1073 1218 οὕτως
1109 1135 1255 1233 ἐποίησε
1292 1130 1333 1211 τὸ
1370 1129 1557 1232 στερέωμα

505 1272 712 1343 κνκλεῦσαι.
752 1265 810 1341 καὶ
836 1260 948 1341 πάλιν
965 1262 1084 1341 ἔκτισε
1108 1258 1174 1359 τὴν
1191 1264 1261 1361 γῆν
1280 1264 1327 1342 εἷς
1349 1257 1423 1357 εἴδη
1447 1253 1552 1335 ὀκτώ.

505 1391 525 1468 ὁ
550 1389 589 1469 δὲ
604 1388 813 1495 Ὠμοφόρος
840 1386 937 1468 κάτω
964 1386 1147 1489 βαστάζει,
1166 1388 1224 1465 καὶ
1246 1384 1336 1465 ε’πᾶν
1360 1383 1456 1487 κάμῃ
1480 1389 1551 1476 βα-

504 1513 658 1617 στάζων,
677 1515 804 1617 τρέμει,
824 1517 882 1592 καὶ
904 1521 1060 1612 σεισμοῦ
1087 1512 1197 1595 αἴτιος
1222 1513 1356 1613 γίνεται
1374 1507 1473 1612 παρὰ
1491 1508 1555 1585 τὸν

505 1639 703 1743 ὡρισμένον
740 1637 872 1741 καιρόν.
928 1640 1057 1719 τούτου
1093 1638 1193 1717 ἕνεκα
1230 1637 1293 1716 τὸν
1325 1635 1415 1716 Υἱὸν
1447 1635 1555 1712 αὐτοῦ

503 1767 714 1846 ἀπέστειλεν
736 1767 756 1844 ὁ
781 1763 917 1867 ἀγαθὸς
936 1761 1065 1866 Πατὴρ
1091 1767 1130 1843 ἐκ
1157 1769 1229 1842 τῶν
1247 1760 1395 1842 κόλπων
1412 1766 1461 1843 εἰς
1487 1758 1554 1858 τὴν

504 1893 651 1994 καρδίαν
668 1896 732 1990 τῆς
754 1896 832 1992 γῆς,
851 1894 909 1970 καὶ
932 1896 981 1974 εἰς
1008 1890 1055 1969 τὰ
1081 1888 1210 1989 ταύτης
1239 1888 1426 1968 κατώτατα
1452 1887 1553 1988 μέρη,

503 2017 600 2100 ὅπως
633 2019 730 2122 αὐτῷ
767 2015 832 2115 τὴν
864 2015 1124 2119 προσήκουσαν
1156 2017 1350 2115 θέπιτιμίαν
1382 2019 1444 2120 δῷ.
1494 2016 1553 2091 καὶ

503 2140 629 2225 ὁσάκις
648 2141 693 2221 ἂν
710 2142 863 2240 σεισμὸς
880 2143 1035 2245 γένηται,
1054 2142 1076 2243 ἦ
1099 2142 1216 2245 τρέμει
1242 2141 1397 2241 κάμνων,
1415 2140 1438 2240 ἦ
1458 2143 1554 2218 ἀντι-

503 2268 601 2372 φέρει
620 2274 668 2350 εἷς
686 2265 749 2347 τὸν
768 2268 886 2371 ἕτερον
904 2266 1012 2367 ὦμον.
1047 2269 1128 2348 τότε
1146 2271 1264 2348 τοίνυν
1282 2272 1340 2348 καὶ
1358 2269 1380 2367 ἡ
1400 2268 1469 2365 ὕλη
1487 2267 1551 2369 ἀφ’

502 2530 561 2592 pus
576 2508 719 2592 sphaera3
741 2513 776 2572 et
794 2530 920 2572 rursum
934 2510 1002 2594 ipse
1052 2519 1147 2575 terrae
1171 2517 1279 2574 motus
1301 2512 1418 2593 praeter
1437 2504 1552 2570 eonsti-

501 2592 608 2657 vivens
625 2593 762 2677 Spiritus
777 2593 896 2658 eresvit
911 2594 1002 2658 lumi·
1051 2602 1158 2659 tutum
1200 2603 1336 2679 tempus.
1396 2592 1470 2655 Ηοο
1511 2590 1551 2652 de

501 2678 603 2755 narie,
634 2700 704 2762 qnae
737 2686 813 2742 sunt
841 2679 1001 2763 ⁸reliquise
1052 2702 1148 2744 eausa
1161 2680 1260 2744 filium
1282 2700 1374 2744 suum
1395 2677 1481 2741 misit
1499 2675 1551 2738 be-

501 2763 624 2839 enimnr,
651 2771 685 2827 et
710 2763 786 2827 feeit
814 2785 854 2829 ee
879 2764 1001 2828 bfirme-
1051 2765 1165 2849 nignus
1180 2765 1342 2850 peterdde
1353 2763 1472 2827 sinibus
1487 2760 1552 2824 suis

501 2858 643 2912 mentum
673 2849 847 2925 eireumire,
877 2856 911 2913 et
943 2849 1002 2913 ite·
1052 2851 1084 2914 in
1101 2872 1156 2915 cor
1170 2857 1274 2925 terne,
1290 2857 1324 2914 et
1338 2849 1371 2911 in
1386 2848 1552 2911 interiores

500 2955 572 2996 rum
589 2934 912 3010 erenvitterrem‚⁰et
926 2941 1002 2997 sunt
1051 2936 1119 3020 ejus
1145 2942 1262 3020 partes,
1287 2948 1367 3019 ‘quo
1392 2933 1488 3008 illum,
1513 2937 1551 2993 ut

501 3025 585 3081 ecto.
630 3018 690 3081 Est
711 3026 819 3082 autem
838 3018 1001 3101 Omopho·
1052 3042 1111 3104 per
1137 3027 1218 3096 eret,
1246 3026 1423 3089 coercerem
1448 3016 1550 3101 quoti-

501 3123 555 3164 rus
570 3103 728 3179 deorsum,
739 3103 771 3166 id
786 3109 845 3178 est,
861 3104 914 3188 qui
929 3126 1000 3168 eam
1051 3126 1107 3169 ens
1127 3107 1211 3169 enim
1225 3104 1359 3169 efficitur
1374 3111 1467 3167 terrae
1485 3123 1551 3164 mo·

501 3193 612 3334 portat
635 3187 668 3250 in
694 3188 852 3266 humeris3
876 3197 910 3253 et
929 3211 1000 3252 eum
1051 3198 1116 3267 tus,
1133 3198 1289 3254 tremente
1311 3212 1349 3254 eo
1371 3211 1411 3253 ex
1432 3188 1549 3262 labore,

533 3272 694 3335 bornverit
728 3279 870 3356 portans,
903 3274 1001 3338 intre·
1051 3274 1100 3339 vel
1118 3276 1157 3339 de
1177 3276 1309 3339 humero
1330 3276 1363 3338 in
1385 3274 1549 3337 humerum

501 3356 622 3421 missit:
662 3365 696 3421 et
724 3358 791 3422 hese
821 3366 871 3422 est
905 3381 1002 3424 eausa
1051 3361 1264 3425 transferente
1291 3360 1425 3447 pondus,
1456 3357 1550 3422 effiei·

542 3569 557 3599 ⁸
577 3560 623 3616 Its
645 3570 674 3617 et
699 3561 883 3636 Epiphanius.
925 3562 1005 3618 Mede
1030 3563 1106 3639 apud
1131 3562 1288 3631 Valesium,
1314 3565 1424 3639 relique
1446 3564 1548 3619 asimoe.

501 3654 575 3712 Vide
589 3657 710 3713 eundem
726 3657 917 3732 Epiphaniam
931 3658 1000 3715 ibid.
1015 3678 1076 3734 esp.
1087 3678 1134 3734 49.

541 3747 557 3792 b
578 3752 617 3808 Et
630 3752 676 3809 hie
691 3753 764 3810 male
778 3753 870 3810 codex
884 3753 1043 3823 Bobiensis,
1058 3756 1086 3811 ιἰι
1098 3757 1271 3830 firmamento
1285 3758 1457 3821 circuirent
1471 3764 1549 3831 petet

501 3865 538 3902 ex
552 3847 720 3923 Epiphanio.

542 3955 556 3986 0
577 3944 753 4020 Epiphanius
767 3947 853 4003 hebet
867 3948 904 4005 ιῖι
916 3946 971 4016 εἴδη
982 3948 1056 4003 ὀκτώ.
1080 3948 1189 4005 creavit
1199 3957 1301 4005 terram
1311 3950 1438 4025 octuplici
1451 3953 1547 4025 specie.

502 4037 672 4114 Omeptnrur
693 4049 790 4106 autem,
811 4042 866 4098 hoe
889 4050 941 4108 est,
962 4044 1082 4120 bajulus,
1101 4046 1178 4119 infra
1199 4047 1321 4103 sustinet.
1364 4046 1422 4103 Sed
1444 4046 1547 4103 latinus

500 4141 597 4191 noster
610 4135 749 4211 interpres
763 4138 843 4213 legit,
859 4139 911 4193 εἶσι
925 4141 964 4203 δὲ,
978 4140 1033 4205 vel,
1048 4143 1101 4197 εἶσὶ
1114 4143 1154 4212 δὴ.

539 4227 556 4273 ‘¹
577 4230 677 4290 Codex
693 4234 851 4302 Bobiensis,
866 4236 899 4291 de
912 4236 1018 4310 finibus
1035 4238 1063 4294 ιἰι
1084 4257 1132 4295 cer
1144 4247 1233 4296 terroe.
1276 4239 1325 4298 sie
1345 4240 1415 4314 legit
1436 4248 1466 4297 et
1479 4240 1547 4314 Epi-

500 4326 629 4399 pharius.

539 4435 553 4466 θ
575 4423 655 4482 Idem
670 4425 771 4494 codex,
786 4428 857 4502 qnod
872 4428 961 4493 illum,
977 4439 1006 4487 ut
1020 4441 1141 4506 pareret,
1157 4442 1300 4491 coerceret.
1343 4435 1433 4490 Prevs
1453 4435 1545 4491 lectio.

499 4519 575 4576 Hine
589 4529 682 4578 sutem
697 4530 776 4595 petet
792 4523 936 4582 Petnvinm
950 4528 1026 4600 spud
1040 4529 1229 4603 Epiphanium
1244 4550 1295 4605 pro
1309 4529 1455 4602 ἐπιθυμίαν,
1470 4538 1546 4587 recte

497 4619 662 4675 emendasse
677 4619 812 4691 ἐπιτιμίαν.
