3817 5692
443 686 509 747 322
638 683 702 745 DE
727 680 1110 744 REBAPTISMATE
1135 679 1294 744 LIBER.

443 862 511 924 tres
537 853 766 924 testimouium
786 848 975 946 perhibent,
993 850 1152 947 Spiritu
1174 861 1206 921 et
1222 853 1329 946 Aqua
1352 860 1385 921 et
1400 851 1498 924 Son·

438 968 530 1063 puia.
581 965 630 1036 Et
647 966 707 1036 isti
723 975 791 1036 tres
816 966 853 1034 in
878 989 983 1035 unum
1003 975 1093 1036 sunt.
1146 966 1200 1037 Ut
1225 990 1270 1036 ex
1296 966 1368 1036 illis
1394 966 1496 1036 colli·

442 1106 577 1175 gamus,
595 1092 633 1152 et
651 1089 794 1173 ¹aquam
813 1092 980 1173 praestare
998 1081 1171 1174 Spiritum
1189 1082 1341 1164 solitam,
1359 1092 1398 1153 et
1416 1104 1496 1151 san-

441 1199 586 1290 gninem
606 1200 785 1288 proprium
804 1196 1007 1267 hominibus
1028 1208 1196 1289 praestare
1214 1197 1388 1290 Spiritum
1412 1195 1497 1265 soli·

443 1323 531 1395 tum,
558 1322 596 1382 et
621 1314 735 1405 ipsum
762 1335 903 1403 quoque
930 1311 1103 1404 Spiritum
1127 1322 1291 1405 prestare
1316 1311 1495 1404 Spiritum

442 1428 596 1498 solitum.
650 1427 747 1496 Nam
768 1450 850 1496 cum
876 1427 1080 1497 effundatur
1101 1452 1192 1519 aqua
1219 1429 1324 1498 sicuti
1350 1437 1388 1497 et
1415 1450 1496 1496 san·

440 1545 530 1637 guis,
545 1543 699 1636 Spiritus
713 1544 820 1612 etiam
835 1542 966 1612 effusus
979 1543 1026 1613 sit
1038 1567 1060 1612 a
1074 1543 1228 1613 Domino
1245 1566 1350 1635 snper
1367 1565 1496 1613 omnes

442 1660 500 1750 qui
521 1660 766 1740 crediderunt3
791 1659 916 1749 utique
934 1667 972 1727 et
988 1681 1091 1749 aqna,
1108 1668 1146 1727 et
1162 1658 1391 1727 nihilominus
1414 1681 1497 1750 pro-

442 1776 518 1865 prio
537 1774 726 1867 sanguine;
753 1783 839 1843 tuno
857 1773 985 1842 deinde
1003 1784 1040 1842 et
1052 1773 1185 1865 Spiritu
1204 1782 1326 1843 sancto
1342 1782 1496 1866 possunt

442 1888 603 1959 homines
626 1890 808 1982 baptizari.
860 1888 923 1957 Ait
944 1888 1038 1958 enim
1059 1887 1195 1959 Petrus
1247 1888 1319 1959 Sed
1345 1889 1415 1958 hoc
1439 1899 1496 1959 est

279 2021 336 2069 Aes.
349 2021 374 2069 u.
388 2033 416 2083 η
443 2006 537 2095 quod
556 2006 691 2074 dictum
710 2014 763 2073 est
783 2028 846 2096 per
863 2003 1082 2096 prophetam.
1134 2002 1217 2073 Erit
1233 2006 1272 2074 in
1294 2006 1497 2075 nouissimis

278 2097 359 2150 Μ’
444 2118 560 2189 diebos
578 2118 663 2189 dicit
676 2118 860 2201 Dominae,
875 2116 1064 2214 Effundam
1076 2118 1250 2213 Spiritum
1264 2143 1374 2189 meum
1387 2144 1506 2214 super*

444 2259 574 2305 omuem
601 2258 748 2317 curnem,
775 2244 807 2306 et
828 2232 1081 2329 prophetabunt
1098 2234 1179 2329 filii
1204 2258 1320 2306 emnia
1347 2245 1379 2306 et
1397 2235 1497 2330 filice

443 2372 570 2420 eorum.
597 2359 628 2419 et
634 2350 777 2441 juvenes
794 2350 941 2421 visiones
958 2342 1125 2432 videbunt,
1144 2360 1175 2421 et
1190 2354 1341 2422 seniores
1356 2355 1497 2424 somnio

443 2464 669 2536 sorurzinbunt.
712 2465 761 2535 Et
779 2465 914 2560 quidem
930 2489 1034 2559 super
1049 2489 1163 2537 seruos
1180 2477 1211 2537 et
1227 2491 1330 2561 super
1346 2467 1496 2539 ancillas

443 2579 613 2677 effundam
632 2580 674 2651 de
690 2580 833 2675 Spiritu
859 2606 941 2652 meo
995 2582 1111 2665 Quem
1130 2585 1301 2676 Spiritum
1325 2585 1361 2652 in
1379 2585 1495 2654 veteri

442 2698 680 2779 Testamenta
716 2721 786 2767 non
821 2698 965 2789 quidem
1000 2700 1140 2790 passim,
1176 2722 1240 2769 nee
1273 2698 1393 2780 effuse,
1429 2701 1496 2771 sed

443 2814 742 2883 communicatum
762 2837 844 2882 cum
861 2813 949 2894 aliis,
968 2816 1155 2884 autetiam
1175 2824 1300 2907 sponte
1317 2815 1496 2887 insiluisse

443 2927 479 2994 in
499 2927 670 3017 quosdam
687 2926 858 3008 homines,
870 2927 926 2997 vel
943 2929 1099 2997 induisse
1116 2951 1177 2998 eos
1190 2927 1246 2997 vel
1261 2928 1368 2998 fuisse
1385 2952 1497 3022 super

443 3063 503 3110 eos
517 3041 822 3132 deprehendimus.
850 3042 953 3111 sicuti
970 3041 1088 3133 Moysi
1103 3044 1146 3111 de
1160 3042 1384 3135 septuaginta
1397 3066 1497 3135 pres·

281 3158 575 3250 uum.a17.byteris
604 3180 626 3227 a
651 3157 807 3226 Domino
837 3158 973 3227 dietum
1003 3180 1079 3228 esse
1104 3158 1426 3239 animadvertimus,
1445 3158 1497 3229 Et

442 3270 600 3367 (triferam
625 3272 787 3365 spiritum
806 3274 867 3366 qui
891 3282 1043 3366 superte
1064 3281 1122 3355 est,
1141 3282 1173 3343 et
1196 3275 1369 3367 imponam
1388 3298 1496 3370 super

442 3410 507 3456 eoa.
561 3386 711 3480 Propter
728 3390 820 3479 quod
839 3390 960 3472 etiam,
978 3391 1173 3459 secundum
1197 3388 1494 3482 pollicitationem

442 3526 551 3584 suam,
575 3502 673 3572 Deus
699 3504 761 3572 'ab
787 3502 857 3573 alio
887 3527 932 3574 ex
964 3505 1090 3597 spiritu
1120 3507 1179 3596 qui
1210 3529 1314 3597 super
1339 3504 1494 3599 Moysen

443 3617 566 3700 fuerat,
598 3618 766 3711 imposuit
797 3641 903 3711 super
931 3618 1022 3702 illos,
1053 3628 1091 3688 et
1123 3620 1424 3711 prophetaverunt
1456 3624 1495 3691 in

442 3848 531 3923 qualis
546 3849 606 3906 aine
621 3850 839 3926 interpolatione
854 3852 883 3908 in
905 3852 1009 3909 saeculo
1030 3859 1131 3926 quarto
1144 3852 1190 3907 vel
1209 3850 1307 3925 quinto
1325 3850 1402 3925 apud
1416 3850 1497 3907 Afri·

442 3966 504 4004 cam
528 3949 701 4022 apparebat;
725 3951 792 4024 quin
812 3960 842 4007 et
865 3950 1038 4007 adverbum
1060 3950 1241 4007 consentiens
1265 3967 1329 4005 cum
1353 3957 1497 4006 contextu

442 4044 545 4101 Graeeo
567 4046 602 4101 ad
623 4045 735 4102 codices
749 4046 838 4104 MSS.
853 4066 929 4104 nnnc
948 4047 1108 4105 emendato.
1152 4046 1238 4103 Certe
1259 4045 1446 4101 additamenti
1467 4047 1498 4104 ia

442 4144 525 4198 terrie
539 4142 647 4198 nullum
662 4141 709 4197 hic
723 4144 874 4218 vestigium
889 4154 942 4201 est.

483 4245 607 4313 ¹aquam
629 4247 765 4312 praestare
792 4240 930 4315 Spiritum
955 4240 1083 4314 solitam]
1108 4239 1242 4314 Spiritum
1263 4256 1294 4294 se
1317 4238 1498 4312 supplevisse

441 4354 477 4391 ex
502 4345 581 4392 certa
604 4335 802 4393 emendatione
825 4338 877 4394 viri
900 4338 1013 4402 eruditi,
1037 4356 1121 4411 quem
1147 4354 1232 4409 supra
1255 4334 1429 4401 laudaverat,
1454 4338 1499 4395 ait

443 4432 585 4489 Baluzius.

482 4529 541 4585 ¹ab
561 4529 628 4602 alio]
650 4532 696 4587 An
716 4531 868 4606 legendum
883 4533 916 4589 ob
930 4533 1014 4588 ullo?
1056 4532 1163 4589 Confer
1183 4532 1259 4587 hunc
1274 4529 1427 4603 Scripturae
1449 4530 1498 4586 lo-

442 4642 517 4682 cum.
