3817 5692
504 695 546 756 14
874 693 1178 756 ARCHELAUS.

502 864 560 940 ait,
584 862 724 948 hospitia
747 862 780 924 in
803 861 1060 927 Christianorum
1082 861 1352 946 peregrinantium
1379 884 1469 925 usum
1494 885 1552 947 per

501 966 568 1028 vias
587 963 691 1049 regias
714 963 937 1039 construxisse,
961 985 1032 1048 quae
1054 985 1075 1027 a
1094 961 1202 1026 Carris
1224 961 1256 1025 in
1273 962 1436 1026 Persidem
1458 964 1550 1027 duce·

501 1067 590 1143 bant,
617 1066 702 1150 quod
729 1064 839 1128 itidem
870 1065 911 1129 ab
936 1064 1076 1149 antiquis
1099 1063 1298 1140 Christianis,
1325 1065 1378 1149 qui
1405 1066 1550 1130 sedulam

502 1167 713 1253 hospitalitati
730 1189 859 1252 operam
882 1166 1015 1243 dabant,
1031 1167 1100 1230 fieri
1121 1166 1319 1230 consuevisse
1337 1176 1449 1251 aperte
1464 1168 1550 1231 colli·

404 1334 406 1338 ,
500 1270 589 1353 gitur
602 1291 642 1333 ex
657 1268 804 1354 Gregorii
820 1268 1010 1332 Nazianzeni
1031 1268 1187 1332 invectiva
1202 1268 1229 1331 1.
1245 1268 1277 1331 in
1293 1268 1316 1331 J
1319 1268 1459 1332 alianum
1475 1292 1551 1354 apo-

502 1379 630 1449 statam,
645 1371 699 1434 ubi
721 1371 946 1455 imperatorem
969 1371 1052 1433 hune
1076 1370 1258 1446 diversoria,
1275 1377 1308 1434 et
1330 1370 1470 1455 hospitia
1492 1394 1550 1456 per

501 1474 609 1537 orbem
632 1473 823 1550 Romanum,
846 1473 1102 1537 Christianorum
1124 1473 1269 1557 exemplo
1286 1473 1437 1536 {edificari
1462 1497 1550 1539 man·

501 1576 595 1638 dasse
619 1582 770 1652 testatur,
798 1581 834 1638 ut
860 1577 1064 1660 Paganorum
1090 1573 1369 1658 superstitionibus
1395 1575 1549 1660 majorem

502 1676 637 1751 laudem,
673 1678 972 1762 venerationemque
1007 1677 1199 1741 conciliaret.
1267 1677 1387 1742 Narrat
1422 1678 1550 1763 insuper
1667 1685 1674 1692 '

502 1780 681 1844 Archelaus
706 1803 776 1865 cap.
801 1779 852 1843 liv.
878 1783 1046 1844 Manetem
1071 1780 1103 1843 in
1130 1802 1255 1844 carcere
1281 1780 1429 1864 positum,
1455 1780 1548 1845 disci·

501 1882 592 1966 pulos
616 1904 689 1945 suos
713 1880 834 1945 misisse
851 1882 897 1944 ad
917 1881 990 1957 loca,
1015 1880 1050 1943 ic
1074 1878 1182 1964 qrcidas
1207 1879 1450 1944 Christianam-m
1476 1880 1551 1945 libri

501 1981 767 2059 contestabantur,
779 1983 898 2066 eisque,
913 1982 1168 2047 Christianorum
1181 2004 1215 2045 se
1226 1982 1357 2046 nuncios
1371 2004 1440 2046 esse
1454 1982 1550 2048 simu-

500 2085 651 2161 lantibus,
667 2106 829 2148 sacrorum
848 2084 992 2148 codicum
1009 2084 1132 2168 copiam
1152 2084 1270 2147 laetam
1293 2083 1398 2148 luisse.
1447 2087 1494 2147 At
1516 2085 1548 2148 id

501 2187 560 2250 sub
576 2186 721 2250 Ethnicis
741 2193 869 2249 tantum
889 2185 1134 2269 imperatoribus
1150 2186 1254 2250 facere
1272 2187 1453 2271 oportebat,
1470 2209 1544 2270 quo-

500 2310 573 2351 rum
595 2288 792 2373 temporibus
812 2287 1040 2352 Christifideles
1062 2310 1186 2352 summa
1208 2289 1359 2373 religione
1382 2289 1547 2366 curabant,

501 2413 541 2454 ne
561 2398 772 2455 saerosanctae
795 2389 873 2473 legis
895 2391 965 2453 libri
989 2390 1030 2454 ad
1047 2390 1257 2454 Ethnicorum
1273 2413 1386 2455 manus
1406 2392 1548 2475 perveni-

500 2499 582 2569 rent,
608 2515 646 2556 ao
671 2502 840 2577 propterea
864 2513 927 2554 non
954 2491 1079 2576 ubique,
1103 2493 1159 2556 sed
1181 2493 1277 2556 certis
1304 2493 1493 2577 quibusdam
1515 2493 1547 2556 in

500 2593 587 2671 loeis,
602 2595 682 2658 sueri
695 2593 819 2657 codices
830 2593 921 2657 vendi
935 2600 1172 2657 consueverant.
1210 2594 1424 2679 Corrigendus
1439 2604 1546 2658 autem

500 2696 707 2782 Epiphanius,
724 2695 777 2781 qui
795 2697 825 2759 iu
843 2695 1093 2759 Manichaeorum
1109 2694 1221 2758 haeresi
1235 2717 1304 2778 cap.
1319 2718 1346 2757 v.
1364 2695 1420 2769 ait,
1436 2695 1547 2759 Mane·

500 2807 565 2864 tem
588 2800 757 2884 discipulos
779 2820 852 2862 suos
874 2798 916 2861 ad
940 2797 1143 2880 inquirendos
1167 2818 1273 2859 sacros
1295 2795 1391 2859 libros
1413 2796 1544 2868 misisse,

499 2906 671 2985 antequam
695 2900 728 2962 in
752 2920 911 2963 carcerem
933 2899 1136 2971 truderetur;
1161 2919 1235 2961 nam
1257 2897 1290 2960 iu
1313 2919 1387 2960 mox
1413 2897 1545 2961 laudato

499 3003 649 3067 Archelai
673 3002 899 3086 disputationis
924 3001 994 3064 loeo
1018 3000 1135 3064 diserte
1161 2999 1287 3077 dieitur,
1314 2999 1346 3062 id
1369 3021 1390 3062 a
1413 2999 1546 3063 Manete

498 3104 619 3168 lactum
634 3103 741 3177 fuisse,
758 3125 820 3186 quo
835 3111 978 3186 tempore
994 3102 1025 3165 in
1042 3124 1167 3166 carcere
1182 3100 1396 3165 detinebatur.

543 3208 612 3269 Nec
629 3228 669 3269 ex
689 3204 787 3269 saeris
801 3205 1033 3278 tantummodo,
1053 3225 1161 3267 verum
1181 3202 1279 3266 etiam
1300 3225 1340 3266 ex
1362 3202 1545 3287 prophanis,

500 3307 688 3391 quibusdam
703 3306 809 3383 rebus,
824 3327 957 3389 quarum
973 3305 1005 3367 iu
1021 3304 1106 3368 hisce
1123 3304 1217 3368 Actis
1233 3303 1353 3367 mentio
1368 3303 1417 3380 fit,
1432 3325 1545 3367 eorun-

499 3409 571 3472 dem
586 3407 665 3472 fides
680 3407 866 3472 adstruitur.
904 3406 944 3469 In
961 3406 999 3470 iis
1010 3406 1126 3491 quippe
1137 3406 1269 3491 legimus
1281 3405 1458 3483 Manetem,
1474 3429 1545 3470 cum

498 3532 520 3575 a
535 3510 691 3575 Marcello
705 3509 805 3572 literis
816 3509 936 3573 accitus
949 3510 1065 3574 Carras
1077 3509 1174 3585 venit,
1185 3507 1331 3572 baculum
1347 3532 1386 3572 ex
1401 3510 1501 3572 ebeno
1513 3509 1544 3571 in

499 3613 644 3677 manibus
672 3619 824 3697 gestasse,
856 3612 940 3696 quod
970 3613 1012 3676 ab
1043 3611 1228 3697 Alyturehis
1258 3612 1440 3676 factitatum
1470 3611 1543 3674 olim

498 3713 595 3779 fuisse
614 3722 756 3780 testatur
776 3714 830 3778 Jo.
848 3714 981 3779 Maleles
1003 3716 1036 3777 in
1058 3714 1216 3777 Chronico
1239 3736 1348 3777 recens
1370 3713 1404 3776 in
1426 3712 1545 3797 Anglia

498 3817 586 3881 edito
597 3840 668 3903 pag.
678 3819 753 3901 376.
778 3815 988 3881 Callisthenes
999 3838 1135 3902 quoque,
1149 3816 1275 3900 spurius
1289 3815 1459 3899 scriptore
1470 3816 1543 3878 doe-

499 3921 621 3985 tissimo
637 3921 803 4005 Ducangio
818 3920 850 3983 in
866 3920 1031 3985 Glossario
1047 3920 1158 3984 mediae
1174 3927 1208 3984 et
1227 3921 1343 3984 infimae
1360 3922 1544 3986 Graecitatis

498 4019 657 4099 laudatus,
683 4023 781 4086 verbo
806 4020 999 4101 Ἐβελλῖυος,
1023 4023 1063 4086 de
1090 4024 1325 4087 Psammeticho
1349 4023 1396 4087 ita
1421 4023 1543 4100 scribit,

499 4126 559 4188 Καὶ
584 4124 720 4187 ἐστολέει
743 4124 849 4188 ἑαυτὸν
872 4124 985 4202 στολὴν
1006 4126 1168 4206 προφήτου,
1194 4125 1328 4208 κατέχων
1351 4129 1384 4190 ἐν
1407 4131 1443 4205 τῇ
1466 4128 1544 4209 χειρὶ

497 4226 586 4289 αὐτοῦ
608 4225 722 4307 ῥάβδον
744 4209 919 4305 ἑβὲλλίνην,
935 4226 990 4290 ubi
1013 4227 1158 4312 AEsopus
1177 4228 1319 4312 ejusdem
1342 4228 1543 4293 Callisthenis

497 4326 664 4413 interpres,
700 4327 753 4412 qui
787 4329 962 4392 versionem
994 4351 1084 4392 suam
1117 4330 1307 4395 Constantio
1340 4330 1542 4395 Constantini

499 4428 611 4513 Magni
633 4428 698 4492 filio
720 4430 850 4505 dicavit,
872 4431 954 4496 male
977 4432 1150 4496 Tamarisci
1174 4431 1294 4516 virgam
1315 4433 1431 4504 vertit;
1459 4433 1544 4496 unde

497 4537 589 4614 patet
614 4531 793 4615 hujusmodi
817 4532 928 4596 baculo
954 4555 1008 4597 eos
1030 4535 1077 4597 uti
1100 4535 1309 4608 consuevisse,
1338 4535 1391 4618 qui
1417 4535 1543 4619 publica

497 4632 604 4717 aliqua
620 4633 776 4718 dignitate
791 4635 1036 4714 decorabantur,
1051 4637 1167 4722 quique
1185 4637 1339 4701 doctrinae
1354 4636 1479 4701 laudem
1495 4635 1542 4699 af·
