3817 5692
517 695 559 758 18
884 700 1191 764 ARCHELAUS.

516 866 695 950 sphalmata
710 867 854 952 plurima,
871 892 940 953 quae
956 870 1022 933 sine
1043 872 1173 934 alterius
1188 871 1303 934 codicis
1318 892 1378 954 ope
1392 870 1559 933 emendare

515 967 723 1051 periculosum
747 977 897 1040 conatum
919 992 998 1046 esse,
1022 973 1121 1055 probe
1149 972 1264 1045 sciunt,
1288 972 1340 1054 qni
1365 972 1397 1034 in
1425 970 1558 1035 vetustis

514 1067 643 1151 scriptis
662 1069 792 1132 edendis
812 1081 1015 1155 occupantur.
1061 1073 1124 1137 Sed
1143 1074 1279 1136 fortasse
1299 1072 1359 1135 hoc
1379 1093 1466 1155 opus,
1488 1070 1558 1132 Deo

515 1169 623 1240 dante,
639 1172 811 1236 correctius
826 1176 975 1238 recudere
989 1176 1038 1239 ias
1053 1176 1115 1239 crit
1130 1198 1201 1238 cum
1221 1175 1292 1238 aliis
1304 1190 1448 1238 veterum
1462 1172 1559 1255 scrip·

515 1278 622 1335 torum
651 1273 801 1337 adversus
831 1275 1030 1340 Manichaeos
1064 1277 1336 1340 lucubrationibus
1367 1277 1409 1340 od
1442 1275 1559 1338 calcem

515 1381 634 1437 nostrae
649 1374 901 1439 Manicheaorum
922 1378 1075 1455 historiae,
1095 1379 1121 1442 si
1141 1379 1269 1462 aliquod
1293 1378 1378 1441 aliud
1399 1376 1561 1460 exemplar

515 1475 599 1537 inter
613 1475 812 1539 lustrandum
831 1476 1093 1541 bibliothecarum
1115 1487 1296 1541 nostrarum
1316 1477 1434 1540 loculos
1448 1497 1558 1539 occur-

515 1585 578 1651 rat,
597 1584 654 1641 aut
673 1579 705 1640 in
725 1578 796 1642 aliis
815 1581 954 1664 Europae
974 1580 1173 1644 bibliothecis
1189 1588 1360 1663 repertum,
1377 1578 1453 1641 mihi
1474 1598 1554 1640 com·

514 1679 684 1756 manicare,
700 1681 841 1745 eruditos
857 1682 939 1745 viros
954 1704 1017 1745 non
1033 1683 1150 1765 pigeat.

558 1779 719 1845 Caeterum
741 1804 889 1867 magnum
912 1806 952 1847 ex
976 1784 1125 1847 Archelai
1148 1784 1248 1847 nostri
1268 1783 1372 1846 verbis
1394 1779 1557 1844 catholicas

514 1879 587 1943 fidei
614 1881 795 1965 praesidium
822 1891 918 1966 atque
944 1892 1167 1948 ornamentum
1195 1884 1326 1947 accedit.
1373 1882 1455 1944 Nam
1481 1880 1557 1942 dum

516 1983 657 2047 Manetis
679 1984 824 2048 hmresim
847 1986 1046 2049 validissimis
1067 1986 1263 2071 argumentis
1285 1992 1458 2068 oppugnat,
1477 1983 1558 2067 ejus—

513 2106 576 2167 que
601 2085 754 2168 originem
783 2093 881 2170 atque
906 2089 1102 2152 incrementa
1131 2095 1342 2164 consectatur,
1372 2107 1434 2148 non
1463 2086 1558 2147 modo

513 2206 585 2249 eam
600 2186 742 2250 funditus
756 2189 921 2266 subvertit,
937 2198 971 2252 et
986 2211 1081 2272 quam
1102 2190 1217 2274 impios
1237 2189 1384 2253 habuerit
1400 2195 1556 2260 auctores,

514 2287 673 2364 ostendit;
696 2289 752 2351 sed
771 2296 805 2353 et
824 2290 975 2375 pleraque
994 2292 1222 2354 catholicorum
1241 2291 1395 2375 dogmata
1416 2288 1557 2352 illustrat

513 2395 611 2474 atque
626 2391 801 2454 confirmat.
848 2391 986 2476 Elegans
1001 2400 1050 2457 est
1065 2394 1148 2457 inter
1168 2394 1231 2456 alia
1250 2393 1337 2457 locus
1352 2393 1392 2455 de
1409 2390 1558 2454 instituta

515 2491 556 2554 ab
572 2491 747 2574 Apostolis,
762 2514 857 2576 quam
876 2515 976 2577 usque
996 2517 1080 2558 nunc
1095 2515 1265 2567 servamus,
1281 2492 1418 2557 ecclesiae
1439 2491 1557 2554 hierar·

514 2592 595 2668 chia,
609 2593 694 2657 hisce
708 2595 812 2658 verbis
827 2596 859 2658 in
874 2617 943 2680 cap.
955 2596 986 2660 li.
1002 2604 1181 2680 conceptus,
1199 2596 1263 2659 Sed
1275 2605 1303 2658 et
1316 2595 1442 2680 optimos
1457 2593 1557 2657 credi

512 2704 599 2758 tectos
610 2697 638 2759 ei
643 2697 883 2779 fundamentum
897 2708 1040 2775 aearum,
1056 2698 1093 2761 id
1104 2708 1154 2773 est,
1166 2698 1303 2774 maleae,
1316 2696 1436 2760 Paulus
1444 2695 1556 2780 metit,

513 2808 541 2862 et
562 2798 651 2883 legem
672 2799 815 2876 tradidit,
836 2800 987 2863 ordinatis
1009 2801 1170 2875 ministris,
1191 2810 1218 2862 et
1233 2797 1426 2883 presbyteris,
1448 2807 1475 2860 et
1495 2799 1558 2881 epi-

512 2900 616 2983 scopis,
632 2901 666 2963 ia
680 2922 715 2964 ec
731 2900 894 2964 describens
910 2923 972 2985 per
986 2901 1050 2965 bea
1064 2901 1194 2986 a'agahv,
1209 2923 1267 2985 qao
1284 2901 1370 2964 medo
1384 2910 1412 2963 et
1426 2898 1558 2984 qualiter

511 3012 644 3087 oporteat
669 3003 822 3065 ministros
844 3003 914 3078 Dei,
941 3001 1044 3087 quales
1068 3013 1097 3066 et
1121 3003 1252 3088 qualiter
1268 3003 1345 3083 fieri
1361 2999 1556 3086 presbyteros,

511 3105 667 3189 qualesque
682 3125 740 3167 esse
753 3103 884 3180 debeam,
900 3105 954 3189 qai
969 3105 1169 3189 episcopatum
1184 3104 1443 3188 desiderentque
1456 3102 1558 3165 omnic

513 3206 581 3269 bene
609 3205 693 3269 aoth
720 3218 748 3270 et
776 3217 851 3269 reete
875 3206 1031 3291 disposita,
1063 3228 1155 3291 usqae
1184 3207 1218 3269 ia
1242 3207 1419 3269 dodiemans
1445 3214 1558 3268 datam

511 3328 599 3372 scam
622 3308 799 3384 csatodiaat,
820 3318 847 3371 et
862 3319 1025 3392 paraenet
1046 3309 1133 3393 cpead
1152 3307 1313 3391 mediisin
1335 3307 1447 3393 recales
1468 3306 1558 3369 disci-

507 3409 610 3494 plina.
657 3409 818 3472 Palmaria
833 3431 957 3494 quoque
979 3418 1054 3474 sunt
1073 3411 1105 3473 in
1124 3410 1210 3473 hisce
1226 3411 1321 3473 Actis
1339 3409 1419 3485 lora,
1438 3408 1470 3470 in
1490 3407 1558 3490 qui-

513 3511 573 3574 bus
588 3511 717 3574 humani
731 3511 855 3574 arbitrii
874 3511 1005 3575 libertas
1020 3513 1170 3575 adversus
1185 3512 1377 3575 recentiores
1391 3510 1557 3573 haereticos

512 3614 700 3691 adstruitur,
716 3620 754 3677 ut
769 3613 874 3677 videre
889 3621 938 3678 est
953 3636 1023 3695 cap.
1037 3638 1088 3677 xv.
1100 3622 1134 3678 et
1149 3615 1213 3677 xix.
1251 3613 1469 3677 Pulcherrima
1483 3620 1557 3676 sunt

512 3717 711 3801 maximeque
725 3716 868 3780 notanda
882 3716 979 3779 verba
992 3716 1046 3779 illa
1060 3738 1129 3800 cap.
1142 3716 1241 3779 xxxii.
1257 3717 1310 3778 ubi
1326 3716 1371 3779 sic
1385 3715 1450 3779 ait:
1475 3716 1558 3777 Deus

508 3820 591 3883 *enim
605 3819 715 3896 emnia,
732 3840 799 3902 qaoe
805 3818 894 3902 fecit,
911 3816 986 3881 boae
1001 3818 1182 3903 calcasset,
1199 3817 1288 3881 liberi
1303 3816 1430 3881 arbitrii
1443 3838 1559 3880 sewum

512 3922 673 4005 aciemque
687 3920 778 3996 dedit,
794 3942 856 4005 qius
870 3921 987 3984 ratione
1001 3922 1093 3985 etiam
1107 3921 1196 4006 lecem
1203 3919 1322 4004 judicii
1328 3919 1442 4004 pessit.
1480 3920 1556 3982 Pec-

511 4045 581 4088 σανα
600 4033 735 4086 cestram
755 4034 805 4099 est,
824 4033 858 4087 ut
877 4032 977 4086 cutem
997 4045 1056 4086 aaa
1071 4044 1227 4108 peccemus
1249 4022 1312 4085 Dei
1329 4021 1439 4084 mama
1458 4030 1507 4096 est,
1523 4042 1558 4083 ea

511 4146 544 4188 eo
567 4125 647 4209 qaod
670 4124 705 4187 ia
725 4134 823 4187 aestro
844 4124 885 4188 cit
909 4122 1039 4187 arbitrio
1059 4123 1249 4187 castitatum
1267 4142 1403 4205 peecare,
1429 4119 1477 4182 cel
1498 4140 1557 4182 aon

504 4247 631 4312 peceare
645 4227 698 4301 dre.
743 4227 787 4289 Et
807 4236 883 4290 certe
897 4226 949 4310 qai
969 4224 1127 4299 miserint,
1148 4222 1305 4287 observant
1323 4221 1480 4296 mandata,
1503 4221 1557 4304 qai

510 4351 578 4393 cero
599 4328 835 4412 contempserint,
849 4338 876 4391 et
898 4329 932 4390 ia
947 4348 1125 4411 perversam
1139 4325 1365 4400 declinaverint,
1380 4324 1444 4387 siae
1466 4321 1557 4386 dubio

511 4431 600 4515 legem
617 4430 736 4514 jscdicii
756 4432 871 4513 serent.
924 4429 1141 4492 Romanarum
1173 4450 1298 4512 quoqne
1327 4424 1556 4509 antiquitatum

512 4534 647 4597 studiosi
670 4532 761 4616 plura
776 4533 808 4595 in
831 4532 891 4595 hoc
909 4552 1003 4615 opere
1025 4531 1184 4595 invenient
1207 4530 1288 4594 scitu
1310 4528 1396 4593 haud
1416 4526 1556 4609 indigna,

512 4655 646 4718 qnorum
668 4636 818 4719 pleraque
840 4633 984 4718 superius
999 4632 1323 4707 commemoravimus,
1337 4630 1391 4693 ubi
1413 4628 1452 4691 de
1471 4626 1554 4709 ejus·
