3817 5692
527 721 592 783 350
669 717 977 782 TESTIMONIA
1001 718 1065 780 DE
1089 718 1446 782 AUCTORITATE

527 890 610 988 lepis
635 889 735 983 bajas
762 915 806 961 er
831 914 891 961 ore
918 899 987 975 too,
1004 889 1065 960 sed
1089 889 1306 962 meditaberis
1331 893 1370 961 io
1394 915 1431 962 eo
1456 891 1514 961 die
1540 916 1583 961 oc

526 1016 631 1087 nocte,
650 1015 687 1076 ut
703 1005 853 1077 observes
864 1004 990 1101 socero
1008 1008 1125 1076 cronio
1142 1029 1219 1100 qum
1238 1006 1368 1100 scripto
1385 1015 1466 1076 sunt
1483 1009 1522 1076 io
1541 1031 1582 1077 eo

527 1120 660 1206 (Josae,
677 1120 700 1192 1.
719 1125 781 1214 8.).
828 1119 921 1191 Item
942 1121 1119 1190 Dominus
1136 1120 1314 1213 apostolos
1332 1142 1414 1190 suos
1430 1122 1582 1192 mittens

525 1238 672 1307 mandat
694 1237 863 1329 baptizari
886 1246 1013 1329 gentes
1036 1245 1074 1305 et
1091 1236 1220 1317 doceri,
1237 1244 1279 1305 ut
1296 1235 1486 1305 observent
1502 1259 1582 1306 om·

525 1354 594 1433 nia,
606 1374 829 1443 quaecunque
838 1351 900 1420 ille
909 1352 1091 1443 praecepit.
1128 1350 1165 1420 Si
1178 1374 1262 1443 ergo
1272 1358 1335 1419 aut
1345 1352 1382 1419 in
1393 1351 1580 1444 evangelio

525 1468 740 1558 praecipitur,
757 1476 820 1537 aut
846 1469 881 1536 in
908 1466 1147 1558 apostolorum
1173 1465 1332 1558 epistolis
1356 1466 1413 1535 vel
1438 1467 1582 1537 actibus

526 1584 741 1663 continetur,
771 1592 812 1652 ut
842 1606 863 1651 a
894 1604 1106 1673 quacunque
1140 1582 1260 1651 haeresi
1293 1583 1477 1651 venientes
1507 1606 1581 1651 non

526 1694 762 1787 baptizentur,
790 1696 851 1765 sed
882 1704 1023 1765 tantum
1053 1718 1178 1764 manus
1207 1695 1278 1765 illis
1308 1697 1513 1787 imponatur
1543 1699 1581 1766 in

525 1812 782 1902 poenitentiam,
800 1810 1007 1880 observetur
1033 1809 1164 1880 Divina
1189 1811 1267 1881 haec
1292 1820 1329 1880 et
1357 1821 1481 1881 sancta
1509 1823 1582 1883 tra-

526 1925 625 1995 ditio.
651 1924 716 1995 Ae
730 1923 935 2019 Pompeium
952 1924 1066 2019 Epist.
1082 1924 1263 1996 LXXIV.
1282 1949 1316 2017 p.
1332 1931 1415 1996 138.

704 2154 921 2228 Onnscnus
947 2180 976 2227 n
1002 2156 1137 2228 (hara
1164 2157 1399 2240 Erlscoens,

765 2306 866 2365 Aron
883 2305 1026 2367 Caucis.
1043 2304 1231 2367 Cnarnnc.
1250 2303 1329 2365 VII.

575 2420 746 2490 Crescens
771 2445 793 2492 a
817 2421 918 2493 Cirta
942 2426 1055 2495 dixit:
1083 2423 1128 2493 In
1150 2432 1251 2493 tanto
1278 2432 1373 2493 coetu
1400 2426 1583 2495 sanctissi-

524 2557 664 2604 morum
686 2538 976 2607 consacerdotum
1004 2538 1105 2608 lectis
1131 2537 1259 2606 litteris
1275 2534 1442 2629 Cypriani
1468 2537 1583 2608 dilec-

525 2649 649 2719 tissimi
669 2651 779 2720 nostri
797 2652 842 2721 ad
855 2650 879 2721 J
882 2652 1083 2734 ubaianum,
1101 2653 1260 2742 itemque
1277 2652 1321 2720 ad
1340 2650 1581 2742 Stephanum,

525 2786 603 2853 quae
621 2772 761 2835 tantum
785 2766 820 2834 in
845 2789 883 2836 se
906 2775 1109 2836 sanctorum
1127 2766 1413 2836 testimoniorum
1430 2765 1582 2837 descen-

525 2878 685 2947 dentium
711 2902 758 2949 ex
786 2880 976 2972 Scripturis
996 2881 1142 2951 Deificis
1168 2883 1373 2963 continent3
1393 2878 1458 2950 &a
1487 2879 1579 2975 opp.

523 2989 563 3062 S.
583 2990 761 3087 Cypriani
777 2994 863 3064 edit.
882 2993 1005 3064 Baluz.
1023 3018 1057 3086 p.
1072 3000 1157 3065 331.

686 3227 843 3297 an1us
870 3250 898 3297 A
923 3227 1149 3298 Tnnnnsrn
1177 3228 1413 3309 Emsconus,

818 3374 916 3434 Aron
941 3372 1037 3435 Innu
1061 3372 1271 3435 Coucimou.

575 3491 707 3561 Lucius
728 3515 750 3562 a
775 3491 953 3562 Thebeste
979 3493 1094 3562 dixit:
1122 3491 1323 3562 Haereticos
1348 3489 1581 3583 blasphemos

522 3614 630 3697 atque
648 3607 786 3698 iniquos
799 3606 914 3676 verbis
929 3608 1033 3676 variis
1050 3608 1280 3699 decerpentes
1297 3615 1419 3677 sancta
1436 3615 1475 3675 et
1491 3608 1581 3677 ado-

521 3721 646 3790 rabilia
656 3720 917 3813 scripturarum
930 3722 1050 3805 verba,
1063 3724 1279 3793 execrandos
1292 3743 1419 3791 censeo
1436 3730 1474 3790 et
1491 3723 1579 3793 ideo

521 3836 772 3906 exorcizandos
788 3845 826 3906 et
843 3836 1074 3927 baptizandos
1090 3859 1177 3908 esse.
1205 3836 1296 3907 Ibid.
1313 3858 1347 3927 p.
1363 3839 1447 3905 334.

897 4065 1192 4135 Novnrmuns.

570 4194 866 4285 Quandoquidem
884 4218 954 4265 non
973 4205 1048 4266 tam
1059 4194 1206 4267 Veteris
1223 4219 1330 4287 quam
1347 4196 1456 4265 etiam
1475 4195 1576 4265 Novi

518 4305 736 4377 Testamenti
759 4307 942 4399 Scriptura
965 4309 1096 4381 Divina
1118 4311 1251 4402 ubique
1276 4309 1441 4379 ostendat
1468 4308 1576 4380 illum

519 4418 730 4513 (Christum)
758 4446 803 4493 ex
835 4422 942 4492 Patre
972 4433 1108 4494 natum.
1148 4422 1204 4494 De
1230 4422 1403 4493 Triuiae
1428 4443 1491 4491 seu
1519 4420 1580 4492 De

517 4530 654 4629 Repolo
670 4535 786 4619 Fidei,
805 4561 880 4630 cap.
895 4536 954 4608 26.
973 4561 1007 4630 p.
1022 4542 1106 4608 201.
1125 4539 1212 4609 edit.
1229 4536 1401 4608 Jackson.

567 4644 654 4716 Non
675 4650 799 4739 utique
816 4672 862 4719 ex
880 4650 1141 4741 scripturarum
1160 4649 1357 4721 eoelestium
1375 4648 1472 4729 vitio,
1491 4670 1577 4740 quae
