3817 5692
803 703 1111 766 DISPUTATIO.
1416 708 1480 768 145

431 875 612 944 nisteriern
645 877 764 945 retortis·
795 877 831 945 in
858 875 980 958 literis,
1001 876 1199 971 formatem
1232 878 1268 945 in
1299 874 1483 970 lapidibus,

421 988 562 1083 sectum
581 1001 629 1059 est
648 992 684 1059 in
698 990 823 1086 ylario,
844 994 911 1062 'ita
929 1001 967 1061 at
984 1015 1052 1061 nore
1065 1000 1205 1083 possent
1223 990 1482 1083 intende-eſsm

430 1104 551 1175 Israel
575 1107 612 1176 in
626 1105 762 1200 feriere
784 1106 907 1201 lilonsi
927 1117 1073 1200 praester
1085 1104 1236 1202 ylariani
1262 1104 1373 1175 vultus
1399 1107 1481 1197 ejus,

432 1246 510 1313 enee
540 1219 775 1300 “destrueterm
813 1222 979 1315 querendo
1010 1244 1078 1292 non
1109 1222 1219 1317 rnoyie
1249 1222 1479 1292 ministerium

431 1336 589 1430 Spiritus
607 1338 673 1406 erit
690 1338 728 1405 in
741 1336 890 1433 eloris?
915 1335 960 1408 Si
977 1338 1065 1406 enim
1085 1337 1317 1406 eniniateriarn
1335 1336 1480 1407 dorono-

432 1452 536 1521 tionis
557 1452 674 1548 ‘oloris
699 1451 880 1534 retransito
906 1453 1015 1548 rnnqis
1041 1450 1226 1522 abundabit
1248 1453 1480 1522 rnireisterium

420 1565 572 1657 justitie
605 1566 652 1635 od
680 1565 841 1662 ylariorn.
893 1565 1011 1659 Neque
1042 1568 1132 1636 enim
1159 1566 1389 1662 qlorificatnm
1419 1576 1483 1650 est,

430 1681 523 1774 quod
534 1680 723 1777 ylariosom
733 1682 872 1777 foetum
898 1692 946 1752 est
970 1682 1006 1750 in
1024 1680 1088 1751 lac
1104 1690 1215 1775 porte,
1231 1690 1374 1774 propter
1397 1705 1484 1769 eant,

431 1820 509 1890 qnce
536 1800 772 1890 supereminet,
791 1796 964 1893 ylariom:
992 1798 1140 1866 sienim
1170 1797 1262 1890 qood
1288 1795 1481 1867 destruetur

428 1936 492 2004 per
504 1912 653 2008 qloriorn
678 1924 737 1996 est,
764 1911 875 2004 neella
893 1913 1014 2008 moyes,
1039 1912 1131 2005 qnod
1155 1923 1277 1995 merset,
1306 1913 1343 1982 in
1365 1912 1481 2009 ylario

430 2036 488 2095 est.
542 2027 613 2097 Sed
632 2028 699 2097 hoe
717 2028 869 2118 quidem,
885 2028 977 2096 sieut
995 2027 1069 2118 ipse
1087 2029 1189 2108 nosti,
1209 2029 1244 2095 in
1262 2028 1417 2096 secunda
1434 2028 1478 2095 ad

430 2140 632 2211 Corinthios
650 2142 808 2233 epistola.
856 2142 970 2209 Addit
988 2152 1107 2209 autem
1124 2165 1169 2210 ex
1189 2143 1303 2233 prima
1320 2140 1480 2231 epistola,

429 2266 587 2326 terrenos
609 2281 684 2327 esse
707 2258 827 2327 dicens
849 2256 1038 2347 discipulos
1056 2257 1185 2326 veteris
1214 2258 1428 2336 testamenti,
1447 2267 1484 2326 et

430 2372 608 2453 animales
628 2380 682 2441 ²et
703 2374 782 2442 ideo
800 2395 940 2441 earnem
960 2383 997 2441 et
1015 2373 1226 2463 sanguinem
1246 2394 1393 2462 regnum
1413 2371 1482 2440 Dei

430 2489 608 2579 possidere
642 2512 712 2557 non
750 2511 861 2579 posse.
915 2485 1039 2578 Ipsum
1075 2509 1217 2576 quoque
1252 2485 1404 2554 Paulum
1435 2510 1481 2555 ex

429 2606 569 2694 propria
586 2627 648 2673 sna
664 2626 812 2695 persona
829 2602 970 2672 dicebat
992 2624 1146 2670 asserere
1170 2601 1206 2668 id
1230 2601 1322 2691 quod
1342 2602 1403 2681 ait,
1422 2599 1485 2671 ³82·

429 2743 478 2799 eo,
497 2743 574 2811 quee
599 2720 767 2801 destrnrei,
786 2720 909 2788 iternrn
939 2715 1085 2808 testifico,
1102 2716 1406 2807 prevaricatorem
1434 2740 1486 2785 nie

429 2836 583 2913 (astinem
608 2837 669 2904 sed
689 2847 725 2904 et
744 2833 830 2903 illud
849 2834 1000 2903 eundem
1020 2832 1134 2921 ipsum
1154 2830 1418 2900 evidentissime
1438 2832 1482 2899 de

429 2950 541 3017 earnis
565 2949 819 3018 resurreetione
842 2948 993 3025 dixisse3
1019 2954 1106 3013 4ηοιι
1130 2967 1206 3013 esse
1224 2944 1400 3024 Judaeum,
1419 2948 1479 3035 qui

427 3063 464 3130 in
488 3064 674 3132 manifesto
699 3074 761 3143 est,
781 3084 897 3152 neque
923 3084 1000 3151 quae
1025 3062 1059 3128 in
1087 3059 1286 3139 manifesto,
1305 3060 1342 3127 in
1366 3082 1481 3143 came,

428 3186 483 3245 est
517 3179 756 3260 circumcisi03
795 3199 911 3267 neque
946 3177 1143 3244 seeundum
1181 3176 1329 3255 literam,
1364 3173 1481 3265 legem

428 3293 616 3384 quicquam
634 3293 798 3361 utilitatis
815 3290 987 3360 retinere:
1015 3289 1083 3358 ςΕῐ
1102 3312 1242 3359 rursum
1261 3290 1355 3379 quod
1367 3287 1483 3358 Abra-

428 3408 510 3478 ham
528 3408 636 3478 habet
655 3408 813 3501 gloriam,
832 3407 893 3475 sed
918 3430 988 3475 non
1014 3407 1106 3497 apud
1128 3405 1268 3473 Deum:
1295 3401 1483 3472 ⁶Tantum-

429 3526 533 3593 modo
562 3525 779 3616 agnitionem
808 3522 944 3613 peceati
972 3544 1036 3612 per
1063 3522 1180 3613 legem
1207 3520 1292 3588 fieri.
1345 3519 1416 3589 Sed
1444 3530 1481 3589 et

426 3641 495 3709 alia
522 3640 645 3719 multa,
673 3638 742 3731 legi
771 3638 982 3717 obtrectans,
1010 3636 1196 3714 inserebat,
1224 3657 1266 3703 eo
1296 3634 1389 3723 quod
1420 3634 1479 3702 lex

428 3756 502 3844 ipsa
531 3763 718 3844 peecatum
745 3754 799 3832 sit,
828 3753 865 3819 in
895 3750 1023 3840 quibus
1051 3748 1228 3839 simplices
1256 3748 1398 3838 quique,
1430 3748 1482 3815 di·

427 3880 530 3937 cente
548 3890 599 3948 eo,
620 3868 874 3947 movebantur3
900 3870 954 3933 ⁷et
979 3887 1090 3954 usque
1111 3865 1156 3932 ad
1173 3862 1349 3933 Joannem
1368 3864 1478 3955 igitur

426 3985 543 4054 aiebat
573 3981 660 4064 8lex,
688 3994 725 4051 et
754 3981 956 4073 prophetam
989 3980 1123 4048 Aiebat
1152 3988 1271 4046 autem
1299 3975 1476 4047 Joannem

702 4222 714 4250 ⁰
731 4210 808 4266 Infra
823 4229 885 4283 cap.
903 4226 951 4277 42.
967 4207 1062 4268 habet,
1077 4205 1209 4261 aboletur.

467 4421 472 4442 ¹
489 4412 582 4467 Exod.
597 4412 694 4466 xxxiv.
710 4428 726 4481 3
731 4425 758 4485 5.
887 4416 896 4439 ⁶
915 4428 926 4463 1
941 4408 1008 4464 Cor.
1024 4428 1071 4464 xv.
1088 4424 1137 4483 50.
1261 4414 1270 4443 ³
1286 4407 1349 4463 Gal.
1365 4407 1391 4462 ii.
1412 4409 1457 4463 18.

464 4519 474 4546 ⁴
490 4510 574 4565 Rom.
587 4509 614 4563 ii,
633 4508 678 4563 28.
884 4511 892 4541 ⁵
908 4505 981 4561 lbid.
996 4505 1032 4560 iv.
1050 4523 1076 4559 a.
1263 4502 1273 4529 ⁶
1288 4503 1360 4558 lbid.
1375 4503 1412 4558 iii.
1430 4522 1478 4559 20.

466 4612 474 4642 ⁷
490 4607 559 4668 Luc,
575 4606 630 4660 xvi.
646 4605 691 4660 16.
821 4603 831 4631 ⁸
849 4603 927 4676 [For.
942 4602 1036 4676 legem
1052 4612 1080 4658 et
1094 4600 1270 4675 prophetas]

510 4721 576 4760 vot.
591 4722 621 4760 ν.
940 4718 960 4758 u
