3817 5692
807 704 1115 771 DISPUTATIO.
1424 715 1485 777 141

490 870 678 942 XXXIX.
707 872 775 942 His
800 877 930 945 auditis
957 877 1130 948 dederunt
1155 879 1301 972 gloriam
1322 882 1400 953 Deo
1421 886 1486 953 im-

437 1011 607 1067 mensam,
638 998 675 1056 et
705 989 780 1079 ipso
811 990 975 1081 dignam3
1007 990 1221 1063 Archelaum
1251 1019 1333 1065 vero
1364 998 1486 1070 multis

438 1105 630 1173 honoribus
651 1103 854 1174 affecerunt.
905 1105 1005 1175 Tunc
1025 1106 1219 1179 Marcellus
1235 1133 1429 1205 assurgens,
1447 1125 1485 1185 et

437 1220 568 1289 ustolas
595 1241 738 1300 exuens
763 1221 947 1289 circundat
971 1220 1195 1304 Archelaum,
1219 1235 1327 1317 atque
1356 1229 1485 1300 osculis

437 1359 517 1405 eum
550 1336 687 1404 defixus
720 1334 958 1426 amplectitur,
989 1346 1026 1406 et
1063 1338 1218 1411 inbaeret.
1270 1342 1370 1413 Tunc
1401 1368 1483 1415 vero

436 1452 600 1534 infantes
630 1451 689 1542 qui
721 1450 812 1519 forte
841 1463 1081 1522 convenerant
1116 1456 1217 1544 primi
1253 1457 1289 1526 in
1322 1456 1481 1541 Manem,

435 1565 579 1657 pellere,
609 1589 649 1634 ac
684 1566 828 1658 ¹fugere
862 1577 1057 1656 coeperunt,
1091 1590 1178 1657 quos
1212 1572 1315 1641 turba
1349 1574 1483 1666 reliqua

435 1682 603 1762 insecuta,
638 1682 829 1750 concitavit
872 1703 909 1750 se
951 1682 997 1750 ad
1040 1681 1280 1776 effugiendum
1324 1688 1481 1761 Manem.

436 1796 540 1879 Quod
567 1819 647 1866 cum
673 1798 881 1888 pervidisset
899 1796 1103 1879 Archelaus,
1121 1799 1259 1870 elevata
1279 1804 1313 1870 in
1337 1805 1481 1874 modum

435 1910 530 1979 tubae
553 1932 640 1979 voce
667 1933 741 1992 sua,
767 1909 1033 1981 multitudinem
1061 1913 1204 2003 cupiens
1230 1914 1403 1999 cohibere,
1421 1920 1481 2001 ait,

435 2024 590 2107 Cessate,
609 2025 751 2095 Fratres
775 2025 906 2107 dilecti,
925 2033 970 2096 rie
988 2027 1079 2097 forte
1105 2030 1154 2097 rei
1180 2033 1359 2123 sanguinis
1384 2035 1482 2105 inve-

434 2140 573 2207 niamur
595 2140 632 2207 in
656 2140 713 2209 die
729 2139 878 2230 judicii3
905 2142 1074 2232 scripturn
1093 2153 1147 2212 est
1164 2144 1259 2212 enim
1278 2145 1323 2213 de
1340 2146 1479 2228 talibus,

434 2255 517 2342 quia
535 2253 693 2347 ¹Oportet
710 2262 741 2324 et
757 2253 901 2325 hareses
926 2279 996 2326 esse
1019 2257 1110 2327 inter
1126 2281 1193 2337 vos,
1211 2266 1250 2327 nt
1266 2260 1327 2352 qui
1339 2260 1482 2354 probati

433 2377 522 2450 sunt,
540 2369 717 2464 manifesti
723 2370 818 2463 siant
835 2371 926 2441 inter
943 2394 1011 2441 nos.
1062 2371 1115 2440 Et
1136 2372 1190 2442 his
1214 2372 1327 2456 dictis,
1346 2377 1480 2447 sedatae

433 2494 515 2553 sunt
533 2485 655 2554 turhae.
709 2485 885 2568 Quoniam
905 2509 987 2555 vero
1013 2486 1145 2577 placuit
1164 2487 1339 2560 Marcello
1361 2492 1480 2583 dispu-

434 2601 605 2669 tationem
639 2601 729 2670 hanc
763 2602 880 2692 excipi
910 2610 1019 2692 atque
1049 2602 1208 2683 describi,
1240 2607 1479 2676 contradicere

432 2737 503 2783 non
530 2716 639 2805 potui,
661 2716 811 2784 confisus
839 2716 883 2785 de
908 2715 1128 2807 benignitate
1155 2715 1360 2810 legentium,
1385 2725 1478 2810 qnod

433 2830 572 2897 veniam
608 2828 753 2909 dabunt,
784 2830 811 2897 si
846 2828 929 2920 quid
966 2829 1180 2920 imperitum,
1211 2840 1273 2900 aut
1307 2833 1477 2902 rusticum

433 2942 571 3011 sonabit
598 2944 731 3024 oratio;
759 2942 825 3012 hoc
852 2946 947 3012 enim
977 2952 1117 3013 tanturn
1146 2955 1211 3026 est,
1239 2948 1333 3037 quod
1360 2949 1479 3018 stude-

432 3081 520 3139 mus,
538 3069 579 3129 ut
601 3061 652 3129 rei
675 3069 782 3152 gestae
809 3061 965 3153 cognitio
992 3061 1189 3130 studiosum
1217 3084 1382 3152 quenque
1408 3087 1477 3133 non

432 3174 552 3246 lateat.
604 3174 704 3244 Tunc
728 3198 823 3268 ergo,
842 3198 922 3244 cum
947 3174 1129 3269 effingisset
1147 3176 1285 3257 Manes,
1304 3200 1477 3268 nusquam

431 3293 637 3382 comparuit.
689 3290 807 3360 Turbo
834 3313 916 3361 vero
941 3292 1103 3360 minister
1122 3289 1301 3362 Archelao
1327 3294 1479 3363 traditur

431 3430 452 3475 a
481 3407 663 3488 Marcello,
695 3430 800 3498 quem
832 3429 913 3477 cnm
945 3402 1132 3476 diaconum
1160 3406 1358 3477 Archelaus
1385 3410 1477 3479 ordi-

430 3524 594 3604 naratio
613 3521 775 3591 Marcelli
796 3522 1028 3591 contubernio
1050 3524 1294 3613 perseveravit.
1348 3523 1477 3595 Manes

430 3647 551 3707 autem
569 3637 707 3730 fugiens
729 3638 873 3707 advenit
896 3640 940 3708 ad
965 3639 1140 3729 quendam
1159 3639 1277 3707 vicum
1301 3638 1406 3732 longe
1431 3641 1476 3710 ab

430 3751 516 3821 urhe
534 3752 698 3842 positum,
712 3756 772 3842 qui
789 3752 1033 3844 appellabatur
1050 3752 1211 3823 Diodori.
1252 3753 1337 3823 Erat
1355 3765 1475 3823 autem

429 3866 611 3957 presbyter
634 3866 702 3936 loci
725 3866 820 3936 illins
842 3869 994 3947 nomine,
1013 3877 1050 3936 et
1074 3868 1149 3959 ipse
1174 3868 1382 3951 yDiodorus,
1400 3872 1477 3960 qni-

470 4089 486 4121 ¹¹
500 4081 596 4145 Forte,
611 4082 719 4139 stolum.

469 4187 483 4217 ¹
498 4177 613 4253 Fugere,
629 4187 658 4234 et
672 4178 796 4253 eruam.
811 4197 873 4253 pro,
888 4178 998 4253 fugare,
1020 4178 1048 4234 in
1069 4179 1167 4253 fugam
1189 4179 1337 4252 conjicere,
1360 4198 1411 4234 suo
1432 4179 1473 4234 lo·

427 4275 532 4347 quendi
540 4294 618 4331 more
628 4275 695 4331 dicit
704 4276 835 4348 antiquus
844 4275 990 4349 interpres.
1003 4276 1221 4349 (Reponendnm
1231 4275 1331 4330 Manes
1341 4275 1473 4344 videtur.)

467 4381 482 4424 t
497 4371 602 4427 Nescio
617 4391 673 4445 quo
688 4381 771 4445 pacto
785 4371 940 4427 Diodorum
954 4372 1030 4428 hunc
1040 4372 1194 4447 Tryphone
1203 4380 1285 4428 vocet
1300 4371 1473 4445 Epiphanius

426 4466 455 4521 in
470 4467 522 4523 hec
538 4467 762 4524 Manichaeorum
778 4468 843 4524 lraer.
859 4487 935 4523 num.
956 4485 1000 4523 11.

831 4620 838 4641 ¹
859 4615 951 4669 rCor.
967 4614 1004 4670 xi.
1024 4632 1067 4687 19.
