3817 5692
429 693 493 759 170
643 691 898 756 ARCHELAI
930 691 994 754 ΕΤ
1028 690 1247 753 MANETIS

427 885 526 946 sum;
552 886 619 956 ego
645 863 739 933 enim
765 886 844 933 sum
870 860 1005 931 inutilis
1030 883 1161 942 servus,
1186 859 1372 930 verborum
1397 860 1473 951 ejus

427 976 630 1070 discipulus,
654 977 800 1047 credens
829 976 892 1057 his,
919 999 1000 1067 quae
1028 976 1174 1067 abipso
1202 977 1297 1046 diota
1324 985 1417 1058 aunt,
1435 984 1473 1044 et

427 1092 505 1163 haec
526 1091 787 1163 indeclinabilia
803 1114 879 1163 esse
897 1091 1075 1161 confirmo.
1129 1090 1267 1161 Maura
1284 1111 1399 1172 u1xrr,
1417 1089 1474 1160 Si·

426 1207 520 1279 milia
536 1210 589 1278 tui
607 1208 749 1299 quidam
773 1230 854 1278 cum
881 1209 913 1277 ei
940 1207 1129 1299 aliquando
1147 1207 1306 1289 dixisset,
1325 1202 1473 1275 ¹Mura’o

426 1333 536 1395 mater
552 1332 623 1410 tua,
641 1332 673 1395 et
682 1321 822 1418 fratres
840 1323 893 1394 tui
906 1320 1007 1418 soris
1023 1331 1125 1405 stunt,
1143 1346 1214 1392 non
1240 1322 1392 1393 libenter
1416 1344 1474 1391 ac·

427 1441 569 1533 cipiens,
587 1463 670 1509 eum
697 1442 757 1531 qui
784 1440 934 1521 dixerat,
952 1440 1147 1531 increpavit
1173 1438 1302 1518 dicens,
1322 1436 1409 1526 Qum
1425 1446 1474 1507 cot

426 1564 536 1627 motor
553 1578 635 1637 meo,
654 1564 714 1626 out
730 1555 792 1648 qui
808 1551 1032 1649 suntfrotrca
1050 1555 1118 1625 mei
1126 1555 1149 1623 l?
1173 1563 1211 1624 et
1229 1555 1384 1625 ostendit
1400 1576 1473 1636 eoe,

426 1674 485 1763 qui
504 1672 661 1742 facerent
679 1670 900 1741 voluntatem
917 1694 1028 1751 suam,
1047 1680 1085 1741 et
1101 1679 1233 1741 matres
1251 1670 1316 1739 sibi
1334 1692 1421 1750 esse,
1435 1679 1474 1739 et

425 1785 570 1857 fratres:
598 1788 651 1857 siu
669 1795 789 1857 autem
807 1786 860 1856 vis
878 1786 994 1855 dicere
1014 1793 1164 1855 matrem
1181 1785 1290 1878 ipsius
1308 1784 1473 1865 Mariam,

425 1927 497 1976 non
527 1907 674 1977 esttibi
701 1907 777 1977 sine
804 1904 981 1997 periculo;
1008 1907 1084 1975 sine
1109 1905 1218 1975 dubio
1244 1904 1338 1974 enirn
1365 1905 1472 1973 etiam

426 2022 551 2092 fratres
578 2044 624 2092 ex
650 2044 694 2093 ea
719 2021 883 2091 habuisse
912 2030 1139 2091 monstratur.
1194 2020 1240 2089 Et
1267 2020 1325 2090 dic
1353 2028 1473 2089 utrum

426 2137 471 2206 de
505 2134 638 2228 Joseph
677 2136 836 2229 generati
874 2145 967 2216 sunt,
1002 2145 1065 2206 aut
1098 2158 1143 2204 ex
1179 2137 1302 2206 eodem
1339 2132 1474 2226 Spiritu

427 2250 586 2322 Sancto?
635 2251 729 2344 Ergo
763 2258 801 2320 et
835 2250 968 2321 multos
1002 2249 1170 2333 Christos,
1205 2254 1233 2321 si
1268 2274 1315 2321 ex
1348 2251 1474 2321 eodem

427 2366 563 2458 Spiritu
582 2366 714 2438 Sancto
734 2375 920 2460 generatos
938 2368 1100 2450 mireris,
1119 2368 1316 2438 habuimus.
1368 2366 1475 2450 Quod

426 2484 457 2553 si
487 2507 558 2553 non
588 2506 633 2553 ex
664 2483 789 2554 eodem
819 2480 966 2574 Spiritu,
993 2484 1053 2553 sed
1083 2492 1205 2553 tamen
1233 2483 1363 2553 dixeris
1391 2505 1473 2552 eum

427 2600 552 2670 fratres
575 2599 759 2683 habuisse3
785 2598 860 2669 eine
883 2599 992 2670 dubio
1015 2598 1287 2692 intelligendum
1310 2608 1375 2679 cst,
1393 2600 1476 2690 quia

427 2724 507 2806 post
533 2713 715 2806 Spiritum,
741 2723 822 2806 post
848 2713 1004 2795 Gabriel,
1031 2715 1190 2806 nupserit
1211 2714 1235 2783 J
1238 2712 1345 2806 oseph
1363 2714 1475 2808 Virgo

427 2830 629 2912 castissima,
647 2839 686 2900 et
705 2830 933 2901 immaculata
949 2825 1131 2900 '’ecclesia.
1183 2830 1289 2914 Quod
1314 2831 1345 2900 ei
1366 2830 1474 2900 etiam

426 2942 494 3014 hoc
511 2944 702 3014 absurdum
720 2953 775 3015 eat
797 2943 952 3025 omnino,
970 2966 1049 3014 eam
1077 2942 1236 3035 quolibet
1262 2942 1368 3012 modo
1393 2965 1477 3011 con-

427 3058 590 3129 cubuisse
604 3081 685 3129 cum
698 3059 723 3130 J
725 3060 853 3152 oseph;
881 3060 939 3130 dic
952 3083 999 3130 an
1015 3059 1139 3130 fratres
1156 3058 1343 3129 habuerit?
1371 3055 1477 3126 Nun·

427 3174 595 3266 quidnam
613 3177 722 3246 etiam
740 3175 898 3246 moechiae
921 3175 954 3246 ei
981 3173 1114 3245 crimen
1140 3174 1315 3268 impingis,
1334 3183 1375 3242 ⁰0
1391 3196 1475 3265 pru-

427 3291 633 3361 dentissime
651 3289 848 3390 Marcelle?¹
887 3290 994 3374 Quod
1011 3292 1039 3361 si
1059 3290 1185 3360 horum
1203 3290 1290 3360 nihil
1309 3289 1476 3359 convenit

428 3404 714 3476 incontaminata
745 3404 907 3499 Virgini3
943 3408 1039 3476 unde
1068 3406 1101 3475 ei
1132 3406 1238 3476 fuisse
1268 3403 1394 3475 fratres
1422 3425 1476 3473 aa·

428 3520 547 3591 tmesi
586 3520 692 3604 Quod
718 3519 746 3591 si
773 3521 897 3592 fratres
920 3521 953 3591 ei
975 3521 1082 3591 fuisse
1099 3543 1170 3590 non
1187 3528 1288 3613 potes
1305 3520 1475 3601 edocere;

427 3636 604 3725 quomodo
625 3634 744 3706 Maria
768 3645 883 3706 mater
908 3636 984 3727 ejus
1009 3636 1089 3721 erit,
1116 3637 1207 3706 sicut
1233 3636 1284 3705 ait
1309 3634 1379 3716 ille,
1397 3635 1475 3725 ²qui

426 3750 579 3821 scribere
595 3774 701 3822 ausus
718 3761 782 3832 est,
800 3750 891 3822 Ecce
907 3760 1017 3822 mater
1034 3760 1103 3834 tuo,
1122 3749 1298 3847 etfralrcs
1316 3750 1368 3821 tui
1374 3748 1475 3844 soris

468 3916 532 3973 ⁸111
547 3916 705 3983 casinensi,
719 3918 838 3974 dicerint
852 3916 1000 3974 habuimus.
1035 3916 1116 3981 Quid.
1159 3916 1218 3973 Sed
1235 3916 1320 3973 obvia
1333 3924 1377 3972 est
1391 3915 1475 3990 hujus

427 4012 482 4069 loci
497 4014 667 4072 emendatio.

467 4106 484 4151 Β
498 4110 573 4175 Vox,
588 4111 724 4177 Ecclesia,
739 4111 851 4168 videtur
865 4130 1084 4186 supervacanea,
1099 4121 1128 4169 et
1149 4130 1200 4186 per
1220 4110 1327 4168 librarii
1348 4128 1475 4166 errorem

323 4257 325 4263 .
427 4207 547 4282 adjecta.
571 4208 656 4265 Certe
667 4207 727 4266 siue
738 4208 800 4283 ipsa
809 4209 923 4284 integer
936 4216 981 4265 est
994 4208 1080 4283 hujus
1093 4207 1149 4264 loci
1164 4226 1272 4265 sensus.
1295 4209 1355 4280 (An
1366 4206 1476 4283 cogitat

427 4304 463 4362 de
477 4304 557 4362 initio
571 4306 671 4380 capitis
686 4306 843 4363 duodecimi
859 4306 1046 4382 Apocalypsis
1057 4306 1081 4377 i)

467 4412 481 4445 θ
495 4403 538 4459 Ex
552 4401 597 4459 hie
610 4403 704 4461 verbis
722 4403 818 4479 colligi
836 4423 920 4478 posse
934 4404 1054 4467 videtur,
1069 4403 1239 4464 Marcellum
1254 4422 1319 4461 cum
1333 4402 1475 4460 Archelao

427 4499 462 4557 ad
477 4498 599 4555 Diodori
613 4499 760 4557 castellum
774 4500 893 4558 venisse.

550 4627 557 4651 ¹
572 4622 643 4679 Mat.
660 4621 707 4679 xii.
722 4638 771 4694 47.
961 4630 970 4653 ⁸
989 4622 1112 4695 [Confer
1126 4622 1226 4699 capitis
1240 4623 1350 4696 finem]
1408 4589 1412 4596 Ι
