3817 5692
426 707 470 765 58
652 701 905 765 ARCHELAI
938 702 1002 763 ET
1035 700 1254 762 MANETIS

483 885 545 957 IX.
574 875 670 975 Ἐρῶ
699 873 735 952 δὲ
761 877 841 973 ὑμῖν
866 877 924 952 καὶ
949 880 1065 965 τοῦτο,
1091 878 1166 955 πῶς
1185 871 1476 973 μεταγγίζεταιὴ

426 1000 529 1107 ψυχὴ
549 1006 597 1082 εἰς
616 1000 720 1079 πέντε
739 1002 904 1097 σώματα.
950 1004 1093 1101 πρῶτον
1111 996 1333 1101 καθαρίζεται
1351 996 1477 1100 μικρόν

426 1162 460 1205 τι
479 1129 538 1205 ἀπ’
560 1128 678 1225 αὐτῆς,
697 1123 772 1206 εἶτα
791 1126 1037 1228 μεταγγίζεται
1057 1131 1105 1208 εἰς
1123 1122 1236 1220 κυνὸς,
1256 1122 1278 1224 ἢ
1298 1131 1345 1208 εἷς
1364 1123 1477 1223 καμή-

426 1262 504 1348 λου,
524 1252 546 1352 ἢ
566 1261 612 1336 εἰς
641 1255 760 1356 ἑτέρον
782 1254 872 1356 saion
891 1258 1011 1351 σῶμα.
1042 1252 1104 1330 ἐὰν
1132 1251 1170 1331 δὲ
1193 1250 1217 1356 ᾗ
1240 1259 1477 1356 πεφονευκνῖα

426 1380 540 1484 ψυχὴ,
560 1387 608 1462 εἰς
627 1380 811 1487 1κελεφῶν
830 1386 939 1478 σῶμα
956 1380 1202 1484 μεταφέρεται.
1241 1377 1303 1456 ἐὰν
1325 1376 1362 1456 δὲ
1383 1380 1476 1480 θερί-

426 1540 531 1586 σασα
549 1510 683 1611 εὑρεθῇ,
704 1513 751 1590 εἰς
770 1507 1003 1609 μογιλάλονο.
1044 1511 1106 1604 τῆς
1126 1503 1163 1584 δὲ
1182 1509 1305 1610 ψυχῆς
1328 1509 1406 1583 ἐστι
1431 1504 1478 1583 τὰ

425 1630 585 1731 ὀνόματα
615 1642 737 1728 ταῦτα,
772 1642 861 1730 νοῦς,
893 1633 1019 1728 ἔννοια,
1054 1631 1241 1737 φρόνησις,
1274 1631 1476 1728 ἐνθύμησις,

426 1756 616 1859 λογισμός.
668 1768 698 1836 οἱ
733 1757 769 1836 δὲ
802 1760 974 1859 θερισταὶ,
999 1758 1080 1835 ὅσοι
1104 1756 1312 1859 θερίζουσιν,
1341 1757 1477 1835 ἐοίκασι

426 1891 500 1968 τοῖς
518 1882 703 1988 ’Ἄρχοοσι
734 1891 808 1968 τοῖς
838 1888 1002 1987 ἀπαρχῆτ
1034 1884 1137 1962 οὖσιν
1167 1890 1214 1967 εἰς
1246 1881 1388 1979 σκότος,
1419 1882 1476 1961 ὅτε

426 2011 564 2115 ἔφαγον
583 2014 621 2089 ἐκ
639 2016 703 2109 τῆς
722 2019 785 2088 τοῦ
804 2010 948 2112 πρώτου
967 2009 1157 2113 ἀνθρώπου
1175 2011 1390 2094 πανοπλίαι.
1422 2008 1476 2088 διὸ

425 2137 562 2240 ἀνάγκη
581 2139 707 2221 αὐτοὺς
721 2144 1007 2240 μεταγγισθῆναι
1026 2145 1074 2223 eir
1092 2138 1234 2242 χόρτον,
1250 2137 1272 2238 ἢ
1289 2146 1335 2223 εἰς
1354 2138 1477 2245 φασή-

425 2274 498 2361 hta,
527 2265 549 2363 ἢ
574 2270 621 2347 εἷς
649 2264 783 2367 κριθὴν,
812 2263 835 2364 ἢ
865 2272 912 2348 eir
937 2265 1089 2369 στάχυν,
1116 2264 1138 2364 ἢ
1165 2272 1214 2349 εἷς
1240 2266 1392 2369 λάχανα,
1419 2267 1477 2345 ἵνα

470 2422 534 2485 ΙΧ.
559 2422 672 2486 Dicam
698 2430 806 2486 autem
829 2423 929 2499 vobis,
975 2423 1008 2486 in
1037 2429 1153 2487 mutos.
1199 2424 1337 2488 Nomina
1368 2433 1476 2488 autem

425 2508 585 2592 quomodo
613 2517 646 2572 et
672 2508 786 2571 animae
810 2509 843 2570 in
868 2509 932 2572 alia
975 2508 1089 2572 animm
1126 2517 1201 2572 sunt
1240 2510 1313 2587 ista,
1352 2510 1475 2586 hmens,

427 2616 552 2679 quoquo
588 2615 721 2678 corpora
751 2593 762 2632 f
771 2594 930 2657 transfun-

427 2682 556 2743 duntur.
604 2681 644 2741 In
667 2680 726 2742 hoc
742 2679 843 2763 primo
859 2702 930 2764 pur-

425 2773 522 2848 gatur
537 2764 654 2849 aliquid
678 2788 717 2828 cx
740 2787 779 2828 ca
793 2787 927 2847 parum;

427 2851 540 2914 deinde
563 2851 797 2915 transfunditur
820 2851 852 2912 in
878 2873 928 2914 ca·

426 2958 510 3012 nem,
525 2944 581 3000 aut
596 2936 627 2997 in
644 2936 809 3011 camelum,
824 2951 881 2999 aut
897 2938 929 2999 in

427 3021 559 3084 alterius
609 3021 754 3083 animalis
806 3042 927 3105 corpus.

428 3107 520 3186 Quod
547 3105 571 3169 si
597 3105 822 3169 &homicidium
846 3129 930 3170 com·

428 3192 525 3269 misit,
549 3191 655 3253 anima
681 3192 713 3253 iu
736 3192 930 3276 elephantia·

428 3298 535 3339 corum
569 3298 703 3360 corpora
738 3277 929 3340 transfundi·

430 3370 501 3435 tur3
527 3362 651 3446 quodsi
670 3384 804 3425 massam
820 3364 929 3439 secuit,

975 2616 1094 2670 scusus,
1124 2593 1303 2678 prudentia,
1340 2595 1478 2660 intellec·

975 2687 1037 2755 tus,
1057 2679 1220 2762 cogitatio.
1245 2681 1407 2744 Messores
1421 2703 1476 2745 au·

973 2773 1050 2841 tem,
1084 2764 1137 2848 qui
1174 2786 1308 2828 messem
1341 2774 1475 2844 metunt,

973 2850 1476 2936 conferunturPrincipibus,¹qui

973 2959 1013 2999 cx
1034 2936 1170 2999 matoria
1185 2937 1260 3013 orti,
1282 2936 1315 2999 in
1337 2938 1477 3001 tenebris

973 3029 1059 3097 sunt,
1075 3044 1115 3085 cx
1153 3043 1193 3083 uo
1208 3023 1477 3086 manducaverunt

973 3108 1012 3169 de
1032 3043 1282 3191 primihominis
1301 3117 1476 3186 armatura,

973 3193 1201 3277 propterquod
1217 3215 1344 3257 necessa
1359 3202 1409 3257 est
1423 3216 1477 3257 eos

973 3277 1152 3341 transfundi
1173 3278 1204 3339 iu
1221 3278 1349 3355 foenum,
1365 3287 1422 3342 aut
1444 3280 1476 3342 in

973 3362 1160 3438 kfaseolum
1177 3372 1235 3426 aut
1257 3364 1289 3426 in
1312 3364 1475 3439 hordeum,

469 3511 591 3570 ‘codex
608 3515 765 3582 Bobiensis,
782 3518 994 3592 transferantur.
1018 3519 1092 3574 mala
1105 3518 1200 3573 lectio.
1231 3516 1406 3592 Epiphanius
1427 3519 1476 3575 ha·

428 3611 486 3678 bct,
502 3614 628 3685 quomoda
642 3614 731 3669 anima
748 3615 774 3669 in
786 3616 899 3689 quinque
910 3634 1024 3690 corpora
1039 3615 1259 3688 transfundatur.
1280 3615 1414 3681 Primum,
1426 3616 1476 3673 &a

470 3718 482 3753 ὲ
504 3709 603 3765 Codex
625 3710 783 3775 Bobiensis,
806 3712 975 3768 homicidium
996 3713 1115 3777 admisit,
1131 3712 1262 3768 animuin
1278 3712 1478 3787 elephantorum

430 3820 553 3876 corpora.
594 3803 628 3858 ln
644 3805 793 3860 Casinensi
814 3807 954 3872 scribitur,
970 3799 997 3863 iri
1014 3808 1144 3882 elefantis
1158 3827 1249 3864 eornm
1263 3828 1387 3883 corpora,
1402 3811 1478 3884 quod

429 3899 527 3972 procul
542 3899 636 3963 dubio,
652 3900 903 3975 elephantinorum,
918 3903 976 3977 legi
991 3904 1083 3961 debet.
1127 3903 1302 3978 Epiphanius
1317 3915 1412 3963 tamon
1426 3908 1476 3964 ha·

430 3995 487 4058 bet,
504 4000 630 4066 κελεφῶν,
647 3997 822 4069 colaphorum.
838 3999 969 4074 ignotum
985 4000 1055 4056 mihi
1069 4002 1181 4059 animai.

470 4088 486 4131 ¹1
508 4091 638 4148 Putarius
653 4094 752 4149 melius
768 4096 851 4151 vcrtit
867 4097 941 4169 apud
959 4098 1158 4171 Epiphaniam,
1174 4101 1264 4166 Meris,
1280 4103 1361 4167 notia,
1376 4104 1476 4159 intelli-

429 4185 530 4258 ραιιίιι,
546 4186 683 4259 capitatio,
702 4189 880 4246 ratiocinatio.

471 4278 479 4320 i
501 4279 600 4337 Codex
622 4283 779 4349 Bobiensis,
805 4287 851 4359 qni
867 4306 900 4341 cn
922 4289 1037 4343 necteria
1060 4288 1142 4353 horti,
1171 4291 1424 4367 typographorum,
1447 4302 1478 4349 ut

429 4377 549 4441 videtur,
565 4397 668 4436 errore.
711 4382 796 4455 Apud
810 4383 999 4458 Epiphaniam
1014 4386 1128 4461 legitur,
1143 4390 1189 4463 qni
1209 4390 1244 4446 ab
1259 4391 1336 4446 initio
1357 4390 1384 4445 in
1406 4397 1477 4445 tene-

431 4474 488 4528 bris
501 4484 574 4529 ενοι.

473 4568 489 4613 k
505 4571 605 4629 Codes
621 4574 770 4631 Bobiensis
783 4578 865 4641 male,
873 4578 1016 4652 sacellum.

706 4676 715 4721 ¹
736 4681 814 4753 [For.
830 4686 982 4756 reponend.
998 4688 1198 4763 dispandat]
