3817 5692
512 674 577 742 136
735 676 989 741 ARCHELAI
1022 678 1085 741 ET
1118 677 1340 742 MANETIS

511 858 571 920 tur
587 851 655 920 iste
672 873 787 920 sermo
804 873 997 931 recurrere,
1015 861 1078 921 aut
1095 851 1132 920 in
1150 874 1244 933 eum,
1259 853 1321 944 qui
1339 851 1436 922 misit
1453 851 1564 934 illum,
1583 915 1585 917 ,

512 964 691 1049 satanam,
710 966 803 1036 siout
820 975 860 1036 tu
879 967 977 1038 dieis.
1005 966 1044 1036 Si
1063 969 1158 1038 euim
1177 970 1357 1039 confiteris
1376 978 1564 1038 venturum

511 1104 599 1165 esse,
617 1083 711 1176 quod
738 1082 935 1174 perfeetum
960 1091 1027 1168 est,
1050 1106 1120 1153 nou
1146 1094 1367 1176 potestesse
1394 1082 1564 1167 Satanas3

511 1198 688 1268 siautem
720 1196 889 1268 Satauam
919 1207 1097 1290 expectas,
1128 1221 1199 1270 uou
1233 1209 1353 1292 potest
1384 1221 1461 1270 esse
1487 1222 1564 1291 per-

510 1314 663 1386 fectum.

502 1420 504 1424 ¹
562 1427 775 1501 XXXVII.
802 1429 1030 1501 Amemus
1046 1450 1163 1502 mm.
1202 1430 1380 1513 Quoniam
1398 1453 1469 1500 non
1487 1431 1563 1501 siue

512 1545 593 1616 Deo
618 1547 714 1616 diota
745 1555 839 1628 sunt,
865 1568 947 1638 quae
973 1569 995 1616 a
1019 1545 1134 1616 Beato
1161 1547 1275 1618 Paulo
1301 1546 1438 1640 prolata
1468 1556 1561 1637 sunt,

510 1670 650 1732 eertum
676 1661 858 1752 estquod
886 1661 1082 1731 Dominum
1109 1671 1268 1732 nostrum
1294 1661 1418 1732 Jesum
1443 1660 1560 1732 Chris·

511 1785 590 1846 tum
608 1776 740 1846 dixerit
757 1777 1020 1870 expectandum
1040 1799 1116 1848 esse
1141 1779 1350 1870 perfectum,
1370 1778 1447 1869 'qui
1467 1776 1565 1878 solus·

512 1891 655 1964 Patrem
683 1893 792 1974 novit,
811 1901 849 1963 et
873 1894 931 1963 oui
949 1892 1101 1963 voluerit
1122 1894 1288 1976 revelare,
1306 1895 1398 1965 sieut
1420 1915 1561 1986 possum

511 2032 557 2079 ex
575 2009 691 2079 verbis
708 2009 816 2100 ipsius
833 2008 1085 2079 demonstrare.
1125 2008 1197 2079 Sed
1214 2011 1307 2101 quie,
1325 2031 1407 2079 eum
1426 2009 1562 2078 venerit

512 2123 605 2216 quod
623 2124 821 2217 perfeetum
839 2132 906 2207 est,
923 2124 1128 2194 destruetur
1143 2126 1179 2195 id
1193 2126 1288 2217 quod
1306 2148 1353 2194 ex
1370 2134 1469 2216 parte
1486 2132 1560 2206 est;

510 2240 579 2309 iste
610 2260 694 2308 vero
724 2260 801 2309 sese
831 2249 1009 2309 asseverat
1038 2262 1115 2311 esse
1148 2240 1357 2332 perfeetum,
1387 2239 1470 2332 quid
1501 2239 1561 2308 de-

509 2355 644 2427 struxit
668 2354 852 2425 osteudat:
879 2356 974 2447 quod
1002 2356 1097 2425 enim
1125 2356 1338 2436 destruetur,
1364 2354 1561 2449 ignorantia

509 2481 577 2554 est,
594 2493 672 2563 quae
693 2470 730 2539 in
756 2470 858 2541 nobis
880 2479 946 2541 est.
999 2468 1108 2540 Dicat
1133 2471 1251 2564 igitur,
1270 2471 1355 2564 quid
1374 2470 1559 2550 destruxit,

511 2586 595 2678 quid
613 2586 650 2655 iu
667 2584 833 2655 notitiam
856 2584 1030 2678 protulit?
1057 2585 1096 2656 Si
1114 2585 1198 2677 quid
1223 2586 1339 2655 faeere
1363 2593 1491 2678 potest,
1510 2584 1560 2654 fa-

510 2702 592 2781 eiat,
614 2712 657 2771 ut
682 2700 777 2773 eredi
803 2701 837 2771 ei
867 2700 1002 2794 possit?
1029 2700 1155 2771 Sermo
1179 2725 1262 2771 vero
1287 2702 1364 2784 iste,
1390 2710 1559 2792 quautam

452 2857 455 2862 ·
509 2818 640 2889 habeat
665 2819 844 2900 virtutem,
870 2819 898 2888 si
925 2817 1082 2909 potuerit
1108 2816 1299 2911 diligenter
1321 2815 1484 2910 intelligi,
1508 2816 1560 2887 ita

509 2934 655 3004 demum
675 2933 770 3003 credi
797 2933 928 3025 poterit
949 2933 1015 3014 his,
1033 2956 1112 3025 quse
1138 2957 1159 3004 e
1183 2957 1242 3004 me
1266 2934 1398 3003 fuerint
1415 2945 1557 3003 asserta.

511 3048 628 3143 Igitur
654 3050 691 3118 in
726 3048 839 3140 prime
872 3051 916 3120 ad
948 3049 1151 3119 Corinthios
1185 3049 1335 3142 epistola
1366 3048 1442 3120 haee
1471 3048 1559 3118 dicit

510 3163 644 3234 Paulus
669 3163 714 3234 de
740 3166 906 3256 perfeeto,
925 3166 985 3256 qui
1010 3174 1180 3235 venturus
1205 3172 1269 3247 est,
1287 3163 1386 3237 ’Sive
1402 3160 1558 3256 Prophe-

510 3281 579 3365 tiae,
596 3280 825 3365 destruentur,
846 3277 918 3352 eloe
942 3278 1080 3378 linque,
1104 3278 1288 3364 cessabunt,
1308 3279 1379 3352 eive
1402 3279 1556 3361 edentia

508 3395 725 3476 destruetur5
750 3419 794 3466 ee
804 3404 908 3490 purte
924 3395 1015 3466 enim
1036 3396 1172 3479 seimus,
1190 3404 1222 3466 et
1238 3419 1283 3465 ae
1294 3404 1397 3489 purte
1410 3392 1558 3488 prople-

509 3520 631 3583 tamus.
676 3509 767 3585 Cum
794 3520 906 3583 uuum
941 3511 1072 3584 venerit
1099 3510 1192 3605 quod
1213 3508 1402 3606 perfeetum
1430 3519 1488 3590 est,
1519 3507 1559 3578 id

510 3630 602 3726 qaod
616 3639 774 3725 reperte
790 3639 847 3712 est,
866 3629 1069 3701 destruetur.
1117 3630 1213 3702 Vide
1231 3652 1315 3721 ergo
1333 3626 1556 3720 quantumin

507 3771 585 3820 sese
610 3747 740 3818 habeat
763 3748 942 3828 virtutem,
965 3746 1059 3839 quod
1085 3746 1283 3837 perfeetum
1309 3752 1375 3828 est,
1397 3754 1435 3814 et
1458 3741 1557 3834 eujus

508 3865 554 3935 sit
578 3863 711 3935 ordinis
737 3862 805 3932 ista
832 3861 1014 3954 perfectio.
1067 3859 1175 3932 Dieat
1204 3869 1326 3931 autem
1353 3859 1422 3929 iste
1448 3879 1555 3951 quam

508 3979 722 4049 destruxerit
752 3978 974 4071 prophetiam
1000 3976 1216 4057 Judaeorum,
1243 3997 1284 4045 ae
1310 3971 1556 4053 Hebraeorum,

508 4093 592 4164 ¹seu
617 4095 754 4188 linguas
772 4116 907 4165 cessare
926 4093 1012 4162 feeit
1029 4091 1245 4174 Graecorum,
1262 4099 1326 4161 eut
1343 4109 1475 4169 eorum,
1494 4087 1554 4179 qui

507 4210 602 4279 idola
618 4210 751 4293 colunt,
770 4209 826 4280 vel
844 4233 920 4301 quae
941 4207 1012 4279 alia
1035 4209 1202 4302 dogmata
1218 4204 1404 4285 destruxit,
1421 4201 1555 4274 Valen-

507 4325 642 4408 tiniani,
659 4335 723 4395 eut
750 4324 955 4404 Marcionis,
972 4332 1035 4395 aut
1055 4322 1204 4405 Tatiaui,
1227 4331 1292 4391 aut
1316 4317 1472 4398 Sabellii
1490 4340 1556 4388 οω-

746 4504 754 4547 ¹
769 4507 804 4563 In
818 4505 969 4565 casinensi
983 4517 1036 4574 est,
1050 4510 1107 4575 sed,
1121 4505 1317 4584 praeelectio.

669 4621 677 4643 ¹
696 4614 779 4688 [1¹¹¹c·
795 4635 824 4675 ¹·
841 4619 903 4691 22]
1070 4626 1079 4649 ¹
1098 4616 1192 4675 rCor.
1207 4617 1267 4675 xiii.
1281 4616 1389 4673 8-10.
