3817 5692
439 714 504 774 250
806 710 837 772 S.
853 710 1125 774 AUGUSTINI
1165 800 1167 806 Ι

441 880 538 951 Nam
563 903 646 951 oum
672 881 717 951 dc
743 880 860 973 Magis
885 881 1101 973 loqueretur,
1119 878 1274 968 Quotam
1292 886 1415 960 tomen,
1433 879 1491 949 in-

275 1016 406 1068 111111
439 997 528 1086 quit,
544 997 746 1089 peremptus
762 993 946 1075 Hostanes,
967 1004 999 1064 et
1016 993 1174 1089 sonnium
1198 993 1271 1064 neri
1288 991 1360 1063 Dei
1386 1001 1490 1089 nepot

275 1083 419 1211 fflffi
439 1112 591 1204 conspici
601 1134 713 1204 posse,
727 1120 758 1181 et
771 1108 906 1206 onpelos
920 1118 928 1146 ¹
940 1132 1037 1180 venos
1049 1108 1123 1178 sedi
1135 1108 1206 1200 p'us
1219 1107 1306 1178 dicit
1317 1108 1489 1178 assistere.

439 1223 486 1294 In
504 1248 570 1319 qno
586 1235 618 1295 et
634 1225 739 1296 Plato
754 1225 837 1318 poni
853 1226 989 1295 natione
1006 1225 1180 1303 consentit,
1198 1233 1229 1293 et
1246 1246 1352 1292 unam
1369 1220 1488 1293 Deum

438 1363 587 1418 sanans,
611 1350 736 1411 octenos
762 1339 898 1436 onpetos
922 1339 976 1410 vel
1002 1338 1176 1409 doemonos
1200 1338 1296 1410 dicit.
1338 1337 1490 1409 Hermes

439 1480 570 1549 quoqne
590 1454 832 1552 Trismepistns
849 1479 955 1525 utinm
973 1453 1087 1524 Deum
1113 1452 1275 1549 loquitur,
1293 1462 1324 1523 et
1340 1477 1413 1524 enm
1432 1453 1490 1522 in·

440 1568 770 1664 comprehensibilem
793 1580 893 1665 etque
916 1569 1187 1641 interstinmbilcm
1209 1571 1395 1664 confitetur.
1447 1568 1488 1639 Si

440 1708 524 1779 ergo
542 1687 599 1756 isti
618 1688 796 1781 venissent
821 1686 866 1755 ad
892 1687 1151 1779 percipiendam
1171 1685 1405 1756 Christianam
1432 1707 1489 1753 sa-

439 1799 563 1880 lutem,
581 1824 652 1871 nou
670 1804 793 1893 utique
811 1802 861 1871 eis
879 1803 1066 1883 diceretur,
1084 1799 1166 1870 Hoc
1183 1799 1317 1870 malum
1336 1800 1488 1882 habetis,

440 1914 497 1984 vel
514 1915 642 1985 falsum
658 1916 818 1986 habetis:
843 1916 905 1986 sed
927 1915 1030 2007 plane
1054 1916 1181 1984 merito
1199 1916 1384 1998 diceretur,
1404 1912 1489 1983 Hoc

439 2029 538 2099 vobis
561 2031 720 2121 quamvis
745 2032 924 2123 integrum
942 2039 980 2099 et
999 2054 1130 2111 verum,
1148 2030 1236 2100 111111
1262 2040 1381 2100 temen
1406 2052 1491 2120 pro-

440 2145 569 2227 desset,
587 2146 652 2214 1111
669 2146 714 2214 ad
733 2145 865 2216 Christi
881 2147 1032 2238 gretiam
1051 2147 1226 2215 veniretis.
1278 2144 1318 2215 si
1341 2167 1426 2237 ergo
1449 2145 1488 2211 in

440 2259 523 2349 ipsis
541 2257 691 2328 ethnicis
717 2269 834 2351 potest
857 2260 988 2351 aliquid
1016 2261 1173 2329 divinum
1200 2261 1348 2330 inveniri
1374 2268 1490 2328 recte-

439 2395 509 2463 que
537 2374 733 2464 approbari,
761 2376 922 2465 quamvis
950 2375 1001 2444 eis
1028 2373 1121 2443 salus
1151 2375 1266 2444 adhuc
1296 2398 1318 2444 a
1345 2373 1490 2442 Christo

440 2485 635 2578 praestanda
660 2489 726 2570 sit;
753 2511 824 2557 non
851 2497 993 2579 oportet
1016 2511 1080 2558 uos
1105 2490 1157 2557 ita
1179 2490 1323 2568 moveri,
1348 2487 1490 2557 etiamsi

439 2600 576 2691 pejores
592 2612 676 2672 sunt
694 2602 859 2684 haretici,
878 2612 918 2672 ut
935 2602 1029 2693 quod
1053 2604 1089 2671 11
1107 2604 1158 2672 eis
1181 2602 1314 2672 malum
1332 2604 1488 2693 ipsorum

439 2729 495 2784 est
520 2717 669 2787 velimus
699 2720 884 2811 corrigere,
915 2728 952 2788 et
982 2720 1076 2809 quod
1111 2718 1147 2786 11
1182 2719 1232 2787 eis
1267 2719 1398 2787 bonum
1433 2726 1493 2787 est

440 2828 572 2900 Christi
599 2833 751 2903 nolimus
771 2855 972 2925 agnoscere.
1024 2832 1095 2902 Sed
1117 2833 1194 2923 jam
1222 2843 1358 2902 ceteras
1384 2831 1493 2921 hujus

440 2945 577 3014 concilii
597 2948 791 3017 sententias
808 2948 1083 3039 pertractandas,
1100 2947 1145 3017 ab
1166 2946 1236 3016 alio
1259 2948 1493 3037 suscipiemus

440 3060 597 3131 exordio.

492 3173 582 3244 Nou
608 3176 717 3245 simus
742 3178 882 3246 molesti
908 3176 1118 3269 legentibus,
1137 3178 1165 3245 si
1190 3176 1314 3246 eadem
1332 3176 1426 3244 varie
1446 3198 1493 3245 ac

441 3313 533 3381 saepe
558 3291 770 3362 disserimus.
821 3291 1046 3383 Quamquam
1070 3293 1164 3360 enim
1187 3290 1346 3360 Ecclesia
1368 3289 1494 3359 catho-

441 3403 510 3472 lica
531 3413 652 3473 sancta
675 3406 712 3473 in
736 3405 899 3474 omnibus
923 3405 1090 3500 gentibus
1107 3404 1272 3474 adversus
1289 3427 1340 3484 ea,
1358 3426 1434 3493 quae
1452 3405 1493 3473 in

442 3518 510 3587 ista
526 3520 722 3608 quaestione
736 3518 780 3587 de
796 3520 980 3610 baptismo,
993 3518 1129 3607 (utrum
1143 3528 1180 3588 et
1197 3518 1289 3610 apud
1308 3518 1494 3587 haereticos

442 3641 479 3701 et
496 3631 737 3703 schismaticos
755 3635 848 3704 idem
866 3635 977 3725 possit
990 3656 1066 3703 esse
1079 3634 1139 3725 qui
1153 3643 1208 3703 est
1226 3635 1262 3702 in
1277 3631 1494 3721 Catholica,)

441 3746 648 3817 nonnullam
667 3747 854 3840 caliginem
872 3747 1070 3829 offundunt,
1086 3748 1208 3838 prisoae
1226 3746 1494 3816 consuetudinis

442 3869 480 3929 ct
512 3861 658 3953 plenarii
689 3863 828 3932 concilii
859 3864 1071 3933 auctoritate
1104 3864 1242 3931 munita
1271 3863 1339 3929 sit:
1369 3875 1494 3929 tamen

443 3974 612 4062 quianon
631 3978 898 4046 contemnendis
916 3978 1009 4058 viria,
1028 3986 1066 4046 et
1089 3977 1243 4045 maxime
1261 3974 1436 4066 Cypriano
1453 3973 1495 4042 11

442 4089 518 4179 ipsa
546 4090 685 4159 unitate
714 4089 903 4182 aliquando
937 4090 1041 4159 111111·
1070 4091 1184 4159 visum
1215 4099 1278 4170 est,
1308 4090 1408 4178 cujus
1437 4089 1494 4157 uti

443 4202 628 4271 adversum
646 4226 710 4273 nos
726 4207 937 4275 auctoritate
954 4215 1137 4288 conantur,
1155 4207 1214 4296 qui
1233 4205 1337 4296 longe
1353 4203 1398 4272 ab
1415 4204 1496 4292 ejus

442 4321 592 4390 caritate
609 4323 735 4391 remoti
754 4333 856 4403 suut;
882 4331 1068 4414 propterea
1085 4323 1244 4414 cogimur
1260 4343 1306 4389 ex
1324 4326 1498 4409 opportu-

444 4434 556 4504 nitate
580 4436 752 4504 1111111111
782 4445 820 4505 11
840 4436 1081 4506 considerandi
1111 4436 1238 4513 omnia,
1258 4456 1335 4524 quae
1356 4433 1391 4500 in
1416 4430 1497 4519 ejus

852 4628 859 4650 ¹
878 4624 937 4695 [Au
951 4642 1045 4679 seruos
1055 4624 1084 4696 9]
