3817 5692
492 703 556 765 188
728 698 983 763 ARCHELAI
1007 698 1072 760 ΕΤ
1097 696 1317 759 MANE'I'IS

492 879 590 940 mota
622 868 828 948 assumitur,
855 866 949 936 illico
986 889 1056 934 non
1090 874 1256 956 apparet;
1293 865 1345 933 ita
1379 863 1539 931 universa

490 992 662 1065 creatura,
680 982 793 1050 omnis
819 980 1013 1073 prophetia,
1035 989 1165 1050 cuncta
1189 978 1345 1057 scientia,
1369 978 1539 1045 universe

491 1099 633 1192 linguae,
663 1099 756 1168 sicut
788 1098 949 1188 superius
983 1095 1149 1175 diximus,
1180 1093 1414 1164 destruentur.
1467 1089 1539 1159 Sed

491 1214 576 1304 qnia
593 1211 745 1281 oaelestis
763 1210 872 1302 Regis
894 1210 1120 1301 praesentiam
1137 1210 1258 1300 paucis
1276 1207 1400 1288 verbis,
1417 1215 1455 1275 et
1472 1205 1540 1274 fra-

490 1326 631 1420 gilibus,
649 1335 687 1395 et
705 1324 807 1395 valdo
824 1325 972 1394 infirmis
988 1346 1166 1415 exponere
1184 1346 1254 1392 non
1272 1321 1367 1391 valet
1386 1321 1541 1391 humana

493 1450 627 1522 natura,
647 1450 688 1510 ut
713 1441 860 1510 fortasse
885 1439 1096 1510 Sanctorum
1123 1438 1251 1508 debeat
1275 1460 1361 1517 esse,
1379 1447 1417 1507 et
1439 1436 1540 1507 valde

492 1556 679 1649 dignorum
705 1555 750 1624 de
778 1557 855 1645 ipso
877 1554 1009 1645 aliquid
1034 1576 1216 1635 enarrare;
1242 1562 1361 1622 tamen
1390 1549 1539 1621 necessi·

493 1671 578 1741 tatis
595 1693 710 1752 causa,
728 1671 796 1740 ista
812 1693 871 1740 me
888 1670 1018 1739 sufficit
1035 1669 1231 1761 protulisse,
1250 1668 1354 1760 hujus
1372 1670 1540 1758 importu-

493 1787 607 1856 nitate
630 1784 862 1876 compulsum,
880 1794 921 1854 ut
941 1786 1049 1855 istum
1068 1783 1167 1854 vohis
1184 1784 1297 1874 qualis
1313 1793 1407 1853 esset
1424 1792 1541 1852 osten·

495 1900 629 1971 dorem.

544 2014 776 2085 XXXVIII.
804 2014 853 2086 Et
869 2039 936 2109 ego
953 2017 1097 2106 quidem
1123 2016 1287 2086 beatifico
1310 2015 1540 2094 Marcionem,

494 2141 533 2201 et
549 2128 871 2212 pValentinianum,
889 2154 931 2200 ao
949 2131 1152 2212 Basilidem,
1170 2131 1327 2222 aliosque
1350 2131 1541 2207 haereticos,

494 2248 571 2317 'sic
594 2255 636 2314 ut
660 2246 760 2316 istius
781 2247 1053 2337 comparatione,
1071 2249 1131 2337 qui
1149 2246 1248 2316 velut
1269 2246 1454 2316 inellecttu
1480 2244 1543 2315 ali-

494 2385 567 2453 quo
591 2362 645 2430 usi
672 2377 764 2443 sunt,
791 2363 851 2451 qui
876 2362 1041 2432 videntur
1063 2363 1129 2433 sibi
1156 2385 1297 2433 omnem
1325 2362 1542 2454 Scripturam

495 2500 597 2570 posse
623 2475 831 2569 intelligere,
849 2487 887 2547 et
910 2479 986 2547 rita
1008 2501 1046 2548 se
1071 2478 1236 2549 ductores
1259 2487 1461 2547 statuerunt
1489 2477 1543 2561 iis,

495 2595 556 2686 qui
573 2616 611 2663 so
628 2593 750 2662 audire
764 2591 977 2676 voluisseut;
1003 2592 1120 2663 nullus
1134 2603 1254 2663 tamen
1268 2596 1424 2686 ipsomm
1437 2614 1544 2662 ausus

495 2717 551 2780 est
573 2709 692 2778 Deum
718 2731 757 2778 se
786 2708 984 2800 praedicare,
1009 2709 1066 2778 vel
1092 2708 1284 2789 Christum,
1311 2708 1367 2778 vel
1393 2706 1545 2777 Paracli-

498 2834 589 2906 tum,
607 2825 699 2894 sicut
722 2826 799 2904 iste,
818 2825 878 2915 qui
902 2824 1092 2915 aliquando
1108 2825 1252 2915 quidem
1270 2826 1315 2895 de
1332 2824 1459 2894 seculis
1475 2824 1545 2893 dis-

498 2947 610 3031 putat,
637 2938 825 3030 aliquando
851 2941 896 3009 de
923 2939 1007 3020 sole,
1034 2940 1213 3030 quomodo
1238 2941 1334 3009 facta
1358 2940 1439 3020 sint,
1466 2948 1544 3007 tan·
1667 2930 1669 2935 ’

498 3076 604 3144 quam
622 3054 734 3144 major
749 3055 825 3145 ipse
841 3054 887 3124 sit
905 3077 1050 3137 eorum;
1076 3055 1191 3124 omnis
1208 3055 1316 3136 enim,
1333 3055 1394 3144 qui
1416 3054 1460 3123 de
1482 3052 1545 3122 ali-

499 3192 570 3259 quo
588 3170 735 3260 exponit
752 3171 931 3260 quomodo
948 3171 1064 3240 factus
1076 3170 1133 3250 sit,
1147 3170 1315 3260 majorem
1333 3191 1383 3250 se,
1398 3178 1435 3237 et
1452 3168 1546 3236 anti-

499 3284 657 3374 quiorem
684 3284 840 3353 ostendit
866 3306 1078 3375 essequam
1105 3293 1160 3354 est
1187 3284 1259 3365 ille,
1281 3285 1326 3354 de
1352 3306 1422 3374 quo
1448 3283 1544 3353 dicit.

500 3396 728 3480 Quisautem
746 3399 846 3468 etde
867 3399 1066 3469 substantia
1085 3398 1155 3469 Dei
1181 3400 1297 3469 dicere
1322 3400 1462 3480 audeat,
1480 3398 1545 3468 nisi

499 3514 592 3584 forte
622 3514 717 3584 solus
743 3516 920 3585 Dominus
949 3524 1070 3585 noster
1097 3514 1204 3586 Jesus
1234 3513 1419 3585 Christus?
1458 3514 1547 3597 Quae

500 3631 645 3721 quidem
666 3654 733 3724 ego
754 3653 825 3699 non
851 3653 897 3700 ex
921 3631 1011 3700 meis
1036 3631 1150 3701 verbis
1174 3640 1314 3713 astruo;
1340 3632 1401 3701 sed
1429 3630 1547 3721 Scrip

500 3756 601 3827 turae,
628 3769 705 3836 quae
730 3768 795 3816 nos
820 3745 974 3828 edocuit,
1002 3747 1215 3817 auctoritate
1245 3746 1434 3827 confirm03
1460 3769 1547 3836 quo·

544 3954 557 3991 Ρ
579 3946 808 4002 Valentinianum
829 3953 921 4012 vocat,
934 3964 1017 4019 quem
1039 3945 1085 4001 alii
1100 3944 1281 4002 Valentinum
1303 3945 1460 4008 nominant,
1475 3944 1547 4000 cele-

501 4044 580 4100 brem
596 4042 825 4116 Apostolicorum
839 4051 1000 4116 temporum
1014 4042 1242 4099 haeresiarcham.

542 4141 606 4196 ‹lIn
618 4138 715 4195 codice
730 4138 879 4195 Casiuensi
892 4149 947 4204 est,
961 4140 1033 4195 sicat
1047 4139 1126 4195 istius
1133 4139 1286 4213 paratione.
1313 4137 1371 4195 Sed
1385 4137 1548 4212 legendum,

501 4237 542 4293 tic
558 4245 588 4293 st
606 4236 685 4292 iatius
703 4236 909 4311 comparatione.
951 4236 1107 4293 Archelaus
1127 4236 1203 4293 enim
1221 4236 1320 4293 beatos
1337 4235 1404 4291 facit
1424 4234 1548 4290 Marcio-

502 4350 578 4395 nem,
600 4330 725 4403 aliosque
748 4330 905 4393 haereticos,
927 4349 986 4387 uon
1010 4332 1086 4406 quod
1108 4332 1148 4389 ita
1169 4334 1204 4389 de
1220 4333 1276 4389 illis
1296 4331 1474 4389 sentiendum
1495 4331 1548 4393 sit;

503 4426 554 4483 sed
568 4426 643 4500 quod
665 4425 776 4482 Maneti
797 4426 978 4483 insanissimo
992 4429 1156 4502 comparati,
1171 4429 1264 4486 minua
1285 4447 1378 4486 errare
1392 4427 1549 4502 deprehen-

504 4522 616 4578 dantur.

545 4626 557 4656 ¹
571 4615 702 4673 Casineu.
718 4617 756 4672 ita
770 4619 922 4675 seductores
935 4629 1098 4687 statuerunt,
1114 4623 1167 4696 qui.
