3817 5692
626 690 690 753 DE
714 688 1097 753 REBAPTISMATE
1122 686 1281 749 LIBER.
1412 684 1472 746 aul

428 860 534 932 Jesus
550 860 701 932 noudum
719 870 793 932 erut
810 858 1028 954 ctum'flcotus.
1069 860 1201 953 ¹Igitur
1217 859 1338 929 dicens
1354 880 1477 948 qnem-

429 978 619 1048 admodum
643 978 804 1070 generari
826 985 946 1069 potest
966 977 1151 1069 baptisma,
1170 976 1262 1068 quod
1281 972 1477 1067 Apostolus

429 1116 539 1162 unum
558 1114 635 1163 esse
651 1092 838 1185 praedicat:
865 1094 989 1185 utique
1011 1093 1238 1162 manifestum
1264 1100 1318 1160 est
1340 1089 1402 1159 illa
1424 1112 1477 1158 ra-

429 1208 536 1289 tione,
555 1209 655 1300 ²quia
682 1208 827 1277 diversa
853 1216 936 1277 sunt
962 1208 1096 1298 species
1123 1209 1228 1277 unius
1254 1214 1362 1297 atquo
1387 1204 1478 1295 ejus·

429 1322 512 1392 dem
529 1322 751 1415 baptismatis
764 1346 808 1392 ex
823 1345 894 1391 uno
909 1323 1054 1393 vulnere
1070 1322 1277 1415 profluentis
1294 1323 1331 1391 in
1349 1343 1476 1412 aquam

430 1446 467 1507 et
492 1440 710 1532 sanguinem.
738 1461 820 1507 cum
844 1436 916 1508 illic
943 1438 1014 1507 duo
1042 1439 1124 1521 sint,
1142 1438 1187 1507 de
1212 1437 1341 1528 quibus
1366 1436 1476 1506 locuti

429 1574 560 1635 snmus,
575 1551 807 1646 ³baptismata
824 1575 932 1643 aquae,
946 1553 982 1621 id
1001 1562 1056 1623 est
1073 1554 1176 1622 unius
1193 1561 1301 1644 atque
1319 1551 1478 1643 ejusdem

429 1670 573 1759 species,
592 1691 672 1738 curu
692 1690 802 1737 unum
822 1690 898 1738 esse
921 1668 1051 1737 debeat
1067 1667 1242 1759 baptisma
1259 1666 1479 1757 uuiuscujus-

428 1805 498 1873 que
516 1783 660 1874 species,
679 1782 770 1852 sieut
788 1781 926 1875 plenius
944 1804 1065 1853 sumus
1082 1781 1203 1852 locuti.

479 1897 590 1969 XIII.
618 1897 667 1968 Et
685 1899 852 1991 quoniam
870 1899 1033 1968 videmur
1055 1920 1160 1968 omno
1183 1897 1359 1989 baptisma
1379 1897 1479 1990 spiri·

428 2015 501 2085 tale
518 2015 689 2086 trifariam
707 2015 874 2097 divisisse,
893 2015 1076 2084 veniamus
1093 2015 1201 2083 etiam
1228 2014 1273 2083 ad
1304 2013 1479 2105 probatio-

428 2152 512 2201 nem
530 2132 739 2201 narrationis
755 2131 952 2223 propositae,
964 2153 1010 2199 ne
1022 2131 1205 2200 videamur
1216 2130 1357 2222 proprio
1374 2149 1479 2197 sensu

428 2253 467 2315 et
485 2255 618 2316 temere
636 2246 704 2316 hoc
721 2247 855 2316 fecisse.
890 2245 956 2316 Ait
973 2247 1067 2315 enim
1086 2246 1110 2315 J
1112 2269 1243 2316 oannes
1260 2246 1304 2315 de
1322 2244 1478 2314 Domino

428 2372 549 2431 nostro
566 2364 604 2432 in
631 2361 780 2454 epistola
805 2384 868 2431 sua
892 2384 956 2431 nos
982 2363 1121 2443 doeens,
1139 2360 1214 2432 Hic
1237 2369 1285 2432 est
1307 2361 1367 2455 qui
1387 2360 1605 2431 amitternu-

426 2500 495 2570 per
511 2501 634 2572 apuam
654 2486 685 2547 et
705 2476 905 2572 soupuiuem
924 2474 1030 2545 Jesus
1049 2473 1219 2549 Christus.
1245 2499 1315 2546 nou
1333 2477 1369 2545 iu
1388 2434 1560 2570 equum

431 2601 575 2675 tontum,
592 2592 653 2663 sed
668 2593 706 2663 iu
724 2616 815 2686 aquo
832 2602 864 2663 et
882 2594 1058 2689 scripu-ine.
1109 2590 1159 2662 Et
1174 2590 1331 2686 Spiritus
1353 2600 1401 2662 est
1418 2593 1480 2685 qui

429 2709 659 2779 testimouium
671 2706 836 2802 perhibet,
854 2708 956 2803 ⁴quiu
972 2706 1130 2802 Spiritus
1147 2716 1195 2779 est
1213 2709 1348 2778 ueritus.
1376 2708 1477 2801 ⁵quiu

469 2904 583 2980 ¹Igitur
597 2903 695 2961 diceus
714 2903 953 2977 quemadmodum
972 2903 1103 2978 generari
1121 2913 1217 2979 potest
1233 2904 1386 2978 baptisma]
1409 2903 1475 2959 For.

428 3002 609 3059 scribendum
631 3010 684 3069 est,
698 3001 794 3077 Ipitur
811 3001 923 3058 dicente
944 3010 974 3058 te
992 3003 1209 3077 quemadmodum
1229 3002 1368 3077 geminari
1385 3009 1478 3077 potest

428 3100 591 3178 baptismo?
669 3170 671 3176 Α

468 3202 477 3226 ¹
492 3196 557 3271 quia
571 3194 690 3252 diversae
705 3203 772 3250 aunt
786 3194 908 3269 species]
927 3195 992 3251 For.
1007 3195 1159 3269 legendum
1174 3214 1239 3269 qua.

468 3293 663 3368 ’baptismata
685 3294 778 3367 aquae]
806 3293 871 3349 For.
894 3293 1058 3367 legendum,
1080 3293 1242 3369 baptismata
1265 3312 1341 3370 oque
1362 3302 1391 3352 et
1412 3312 1476 3351 san-

427 3390 532 3466 guinis.

467 3496 477 3524 ⁴
491 3488 554 3563 quin
569 3486 693 3562 Spiritus
706 3494 749 3542 est
758 3486 874 3559 ueritas]
900 3485 948 3543 Sic
969 3495 1067 3544 textus
1082 3487 1217 3545 Graecus:
1238 3491 1269 3543 τὸ
1288 3492 1386 3560 πνεῦμά
1407 3492 1479 3546 ἐστιν

425 3585 441 3655 ἡ
463 3585 575 3655 &iidem
618 3585 813 3658 Eamdernque
834 3584 986 3641 lectionem
1008 3585 1124 3642 exhibet
1146 3585 1176 3643 S.
1193 3587 1361 3644 Ambrosius
1380 3588 1430 3644 lib.
1447 3606 1476 3662 3.

426 3684 459 3740 de
479 3684 578 3758 spirit.
596 3691 681 3740 sanct.
700 3701 762 3756 cap.
782 3700 826 3739 10.
850 3702 914 3739 cnm
929 3682 978 3757 67.
1020 3684 1061 3740 At
1084 3701 1149 3739 curn
1170 3684 1288 3759 vulgata
1312 3705 1374 3759 qnae
1396 3686 1476 3761 legit,

428 3778 555 3835 Christus
575 3788 616 3835 est
636 3779 740 3835 veritos
760 3779 942 3835 consentiunt
964 3780 1010 3835 alii
1032 3780 1121 3836 ferme
1144 3799 1243 3837 omnes
1259 3781 1352 3838 Latini
1367 3782 1474 3839 Patres.

428 3874 600 3931 Gauuannr.

468 3972 553 4046 ⁵qm‘u
576 3980 632 4029 tres
652 3972 831 4028 testimouium
848 3972 1007 4046 perhibent]
1040 3972 1149 4028 Locum
1175 3972 1316 4047 integrum
1341 3977 1476 4050 anonymi

426 4065 511 4140 hujus
532 4067 655 4123 auctoris
676 4067 724 4142 qui
741 4086 853 4124 comma
877 4077 999 4125 octauum
1019 4067 1179 4125 Joanneum
1204 4071 1386 4145 conjunctum
1411 4089 1475 4126 cum

425 4170 502 4218 sento
524 4163 553 4219 in
578 4182 630 4219 auo
653 4164 806 4239 exemplari
830 4164 935 4239 legisse
957 4166 1069 4222 videtur
1093 4165 1201 4222 excutit
1216 4167 1252 4223 R.
1268 4167 1299 4224 P.
1320 4167 1355 4224 de
1370 4167 1477 4223 Rubeis

426 4260 464 4315 V.
480 4260 515 4317 C.
531 4261 559 4317 iu
572 4261 697 4318 Dissert.
712 4262 745 4318 de
758 4262 844 4319 tribus
859 4266 886 4318 in
900 4263 965 4319 celo
981 4263 1079 4321 Testib.
1094 4284 1160 4339 pag.
1178 4265 1226 4340 76.
1262 4264 1349 4333 Quod
1363 4264 1476 4338 quidem

426 4366 628 4433 argumentum
648 4377 706 4434 prae
728 4360 830 4416 ceteris
851 4359 1067 4436 diligentissime
1088 4370 1276 4436 pertractasse
1303 4363 1476 4436 comperitur

425 4454 632 4511 eruditissimus
647 4454 798 4513 Soucietus
819 4466 919 4514 contra
940 4457 1100 4515 Simoninm
1120 4460 1251 4535 Remorq.
1266 4478 1315 4515 eur
1328 4459 1355 4515 lo
1373 4459 1474 4535 Critiq.

425 4552 458 4606 de
472 4550 506 4606 *lo
521 4551 653 4608 Bibliotd.
668 4553 714 4609 dee
728 4553 796 4610 Aut.
813 4552 876 4609 ecci.
892 4563 962 4610 tom.
980 4573 1006 4611 2.
1026 4573 1094 4629 pag.
1111 4556 1280 4630 575-628.
1304 4556 1474 4613 Grumum.

426 4648 470 4704 En
485 4647 625 4705 celebrem
640 4649 791 4724 pericopen
812 4650 841 4706 in
861 4651 953 4725 capite
975 4652 1073 4724 quinto
1089 4652 1186 4725 primae
1203 4653 1330 4728 epistolae
1343 4654 1474 4720 ioannis,

469 4763 541 4805 vor.
559 4765 588 4805 v.
938 4751 986 4807 rt
