3817 5692
521 694 585 759 192
738 691 989 753 ARCHELAI
1024 691 1088 751 ET
1120 690 1339 752 MANETIS

521 863 600 930 sito.
652 858 747 928 Tum
775 863 853 941 iste,
871 862 962 929 sicut
988 859 1050 940 illi,
1069 860 1152 950 nqui
1174 858 1302 938 cibum,
1322 860 1415 949 quod
1439 881 1573 928 nomen

520 987 575 1046 est
596 976 667 1045 tale
685 974 828 1043 eludere
851 975 978 1057 solent,
997 975 1218 1066 presentiam
1242 996 1342 1043 suam
1362 972 1490 1043 Manes
1507 996 1573 1043 ex·

520 1092 620 1159 hibet
646 1091 739 1180 apud
767 1089 916 1182 Regem,
939 1090 1059 1158 diceus
1087 1112 1124 1158 se
1151 1111 1227 1158 esse
1255 1111 1402 1179 puerum
1430 1097 1573 1157 curatu-

521 1233 610 1289 rum,
637 1218 740 1299 ⁰quae
771 1231 852 1276 cunr
883 1209 1039 1277 audisset
1068 1207 1159 1288 Rex,
1191 1210 1345 1299 suscepit
1375 1230 1455 1276 eum
1487 1231 1572 1277 cum

521 1324 701 1413 obsequio,
719 1345 759 1391 ae
779 1321 930 1391 libenter
946 1321 1081 1390 habuit.
1134 1321 1272 1391 Verum
1294 1345 1339 1391 ne
1356 1322 1470 1391 multa
1492 1345 1573 1391 nar-

521 1438 640 1518 rando,
658 1461 737 1528 quae
754 1438 872 1530 gessit,
892 1438 1040 1506 taedium
1063 1438 1282 1506 auditoribus
1301 1437 1461 1519 inferam,
1478 1460 1574 1507 mor-

522 1561 604 1620 tuus
628 1560 682 1620 est
705 1574 793 1642 puer
820 1552 856 1619 in
883 1551 1046 1619 manibus
1068 1551 1154 1642 ejus,
1172 1551 1228 1620 vel
1246 1552 1364 1642 potius
1381 1553 1572 1622 extinctus.

521 1666 620 1735 Tunc
638 1666 718 1736 Rex
737 1667 773 1734 in
791 1687 967 1735 carcerem
986 1665 1125 1735 detrudi
1138 1665 1245 1757 jubet
1262 1664 1419 1744 Manem,
1434 1674 1471 1735 et
1488 1667 1573 1736 ferri

523 1782 680 1852 ntalento
711 1783 856 1851 onerari.
910 1781 969 1850 Illi
995 1805 1077 1850 vero
1106 1782 1176 1850 duo
1204 1781 1365 1873 discipuli
1394 1783 1480 1872 ejus,
1510 1783 1573 1873 qui

522 1898 617 1966 missi
649 1898 788 1966 fuerant
819 1898 862 1966 ad
894 1898 1093 1966 docendum
1123 1920 1186 1988 per
1215 1896 1369 1989 singulas
1399 1897 1573 1976 civitatee,

521 2010 768 2101 querebantur
792 2012 835 2079 ad
863 2034 1014 2101 poenam.
1066 2010 1219 2102 Quique,
1249 2012 1424 2105 fugientes
1454 2010 1572 2091 (ilicet,

523 2147 700 2214 nunquam
726 2135 906 2194 cessarunt
928 2125 1079 2194 alienam
1106 2126 1207 2207 banc,
1226 2134 1263 2194 et
1286 2126 1331 2195 ab
1348 2125 1572 2195 Antichristo

522 2239 737 2329 inspiratam,
754 2262 818 2330 per
835 2238 914 2309 loca
931 2239 1070 2331 singula
1087 2242 1238 2309 inserere
1256 2240 1463 2309 doctrinam.

573 2350 674 2422 LIV.
703 2353 790 2422 Post
807 2354 881 2423 haec
898 2354 942 2423 ad
961 2355 1167 2448 magistrum
1186 2377 1290 2424 suum
1307 2356 1465 2435 redeunt,
1480 2357 1573 2424 refe-

523 2475 642 2535 rentes
660 2490 736 2558 quae
755 2470 804 2537 eis
822 2470 1044 2552 acciderant;
1071 2471 1221 2539 audiunt
1239 2471 1345 2538 etiam
1365 2493 1417 2552 ea,
1435 2493 1516 2560 quae
1535 2472 1573 2539 in

523 2582 598 2673 ipso
613 2582 741 2652 collata
759 2592 841 2654 sunt
856 2585 968 2667 maia;
996 2585 1205 2655 accedentes
1218 2609 1313 2678 ergo,
1327 2594 1368 2653 ut
1380 2586 1572 2667 ‘dicebam

500 2698 566 2765 ‘ad
586 2720 667 2766 eum
686 2699 748 2780 sui,
768 2709 805 2768 et
822 2710 1051 2793 suggerentes
1077 2701 1109 2769 ei
1134 2701 1179 2769 de
1206 2699 1260 2769 his
1286 2699 1396 2780 malis,
1415 2724 1491 2791 quae
1508 2724 1573 2792 per

524 2811 601 2882 loca
619 2813 754 2916 singula
774 2815 1007 2904 patiebantur,
1027 2817 1071 2884 de
1095 2814 1231 2905 reliquo
1249 2818 1424 2885 ⁸converti
1450 2838 1488 2886 se
1511 2817 1573 2886 de-

523 2927 606 2997 bere
630 2928 674 2996 ad
698 2928 848 2997 salutern
872 2930 1088 3012 suadebant;
1115 2931 1371 3020 pertimuerant
1388 2933 1493 3012 enirn,
1513 2954 1572 3001 ve-

524 3050 642 3110 rentes
661 3044 803 3134 nequid
822 3045 887 3113 sibi
902 3068 947 3113 ex
961 3045 1016 3114 his
1033 3044 1144 3121 malis,
1159 3068 1235 3135 quae
1252 3044 1303 3113 ilii
1322 3045 1572 3125 inferebantur,

544 3347 580 3377 ·¹¹
596 3336 691 3393 Locus
713 3338 793 3394 valde
815 3348 974 3413 corruptus.
1018 3340 1102 3395 Forte
1124 3339 1287 3413 legendum,
1309 3341 1355 3414 qui
1376 3339 1479 3413 cybum,
1502 3341 1574 3413 quod

522 3452 614 3488 nomen
628 3442 668 3489 est
682 3433 740 3498 tali,
756 3435 856 3491 ludere.

565 3530 666 3587 ocod.
684 3532 748 3588 vat.
767 3532 845 3594 Quod
858 3553 915 3589 cum
930 3534 1057 3597 audisset,
1073 3552 1134 3606 pro,
1150 3551 1213 3606 que.
1257 3532 1339 3595 Mox,
1355 3533 1498 3597 narrando,
1513 3553 1572 3607 qaae

522 3636 600 3703 qesta
614 3637 686 3684 sunt.

565 3724 660 3781 PHoc
683 3733 734 3790 est,
750 3727 868 3784 vinculis
891 3728 999 3791 ferreis,
1021 3727 1057 3782 ab
1079 3745 1177 3783 eorum
1200 3726 1334 3801 pondere,
1356 3746 1422 3782 uum
1445 3730 1573 3781 τάλαντον

523 3822 664 3877 interdum
679 3831 723 3879 est
738 3823 858 3897 pondus.

564 3919 697 3975 qudex
719 3920 786 3976 vat.
812 3921 875 3977 licet
899 3940 1032 3995 nunquam
1058 3928 1192 3976 cessarent
1218 3921 1342 3976 aliermm.
1384 3919 1470 3975 Paulo
1494 3928 1570 3996 post,

523 4015 588 4088 qaid
600 4016 639 4069 eis
652 4016 807 4083 accidriat,
822 4017 887 4091 lege
906 4019 1044 4073 acciderit.
1087 4017 1158 4072 Mox
1177 4037 1255 4085 vero,
1271 4018 1435 4073 Accedentee
1453 4035 1525 4089 erqo,
1541 4024 1572 4071 at

523 4109 641 4173 decebat,
656 4113 693 4167 ad
705 4131 763 4167 eum
776 4115 830 4180 sui,
845 4123 871 4169 et
885 4122 1060 4188 suggerentes
1073 4114 1117 4169 sui
1130 4114 1155 4168 ei
1169 4114 1201 4168 de
1215 4114 1266 4169 his.

566 4218 577 4248 f
592 4206 625 4261 ln
640 4208 736 4265 codice
752 4210 908 4278 Casinensi,
923 4220 953 4266 at
968 4211 1088 4267 dicebant
1096 4236 1106 4277 ;
1129 4231 1181 4267 nos
1195 4211 1251 4268 levi
1265 4212 1430 4277 mutatione,
1443 4210 1570 4277 dicebam,

523 4302 731 4359 emendandum
751 4307 919 4363 censuimus.
964 4307 1022 4364 Sed
1036 4317 1065 4364 et
1079 4308 1209 4371 fortasse,
1224 4318 1253 4364 ut
1267 4308 1384 4372 decebat,
1399 4307 1550 4382 legendum
1562 4330 1568 4371 ;

523 4398 623 4453 melior
637 4408 732 4455 tamen
746 4401 807 4458 visa
821 4413 864 4460 est
878 4403 954 4476 prior
968 4404 1059 4461 lectio.

566 4493 627 4548 sIn
648 4495 748 4550 eodem
770 4499 876 4561 codice,
893 4501 1023 4562 conventi,
1038 4500 1186 4564 scribitur,
1209 4500 1259 4555 sed
1274 4500 1403 4566 converti,
1418 4499 1571 4573 legendum

523 4606 596 4651 esse,
612 4609 673 4661 quae
689 4602 843 4663 sequuntur
858 4594 941 4657 clare,
957 4604 988 4650 ut
1002 4595 1132 4659 arbitror,
1149 4597 1277 4652 innuunt.
