3817 5692
443 705 485 764 82
670 705 922 768 ARCHELAI
948 706 1013 768 ET
1039 707 1259 770 MANETIS

442 899 530 967 quos
547 878 735 948 exercebat
754 878 949 948 malitiam?
974 901 1078 970 quem
1098 880 1319 971 opprimebat
1337 879 1491 971 injuste?

442 1016 547 1083 quem
566 995 718 1085 spolians
734 996 892 1065 occidit?
939 995 1061 1078 ¹Quod
1079 997 1107 1064 si
1127 996 1298 1064 suiacum
1317 996 1412 1065 dicas
1429 1015 1491 1065 ex·

442 1109 555 1178 titisse
572 1108 717 1191 maium,
736 1110 810 1179 sine
827 1110 936 1180 dubio
952 1133 1038 1202 ergo
1055 1112 1254 1180 ostenditur
1271 1110 1372 1180 illum
1390 1111 1490 1181 bonae

440 1245 517 1293 esse
543 1238 690 1293 naturae.
743 1222 782 1293 Si
800 1248 882 1294 vero
905 1236 943 1294 et
964 1225 1017 1294 illi
1040 1248 1163 1296 omnes
1186 1225 1270 1297 mali
1292 1236 1384 1308 sunt,
1405 1249 1491 1317 quo·

441 1340 547 1409 modo
569 1348 687 1430 potest
709 1339 878 1410 Satanam
896 1349 934 1410 et
951 1342 1101 1411 Satanas
1118 1341 1269 1432 ejicere?
1313 1342 1385 1412 Sed
1407 1365 1491 1413 con-

440 1454 558 1525 clusus
574 1465 757 1526 ⁰sermone
774 1458 962 1539 convertis,
978 1467 1018 1526 nt
1035 1457 1141 1538 dicas,
1156 1457 1269 1526 bonus
1279 1458 1350 1525 vim
1369 1480 1490 1548 passus

439 1580 494 1639 est
517 1594 538 1639 a
561 1572 666 1641 malo.
719 1571 791 1641 Sed
813 1596 879 1642 nec
901 1573 968 1642 hoc
990 1574 1133 1664 quidem
1150 1583 1204 1642 est
1223 1572 1289 1642 tibi
1307 1574 1383 1642 sine
1400 1574 1491 1664 peri·

437 1687 520 1756 culo
548 1688 739 1769 dicerent
766 1688 882 1759 lucem
906 1690 1035 1758 victam
1062 1711 1139 1757 esse
1164 1688 1368 1770 confirmes;
1395 1689 1489 1778 quod

438 1803 534 1873 enim
553 1804 714 1884 vincitur,
734 1805 888 1873 vicinum
906 1803 1015 1875 habet
1031 1805 1226 1874 interitum.
1279 1802 1374 1886 Quid
1392 1805 1487 1874 enim

437 1919 488 1987 ait
510 1941 625 1988 sermo
642 1919 810 1989 divinus?
851 1918 957 2007 'Quia
974 1921 1065 1989 enim
1080 1928 1190 2013 potest
1208 1919 1356 1989 introire
1374 1920 1411 1988 in
1428 1918 1489 1989 do·

438 2056 530 2103 mum
542 2032 668 2128 sortia
686 2044 717 2105 et
734 2034 887 2129 diripere
904 2060 985 2107 oasa
1003 2038 1085 2128 eiua
1104 2033 1174 2104 nisi
1192 2034 1252 2105 illo
1267 2035 1315 2104 sit
1323 2032 1488 2129 sortior?

437 2148 542 2230 Quod
569 2150 596 2218 si
624 2150 825 2220 hominibus
846 2175 929 2221 eum
952 2151 1085 2221 malum
1110 2151 1272 2222 extitisse
1290 2150 1430 2231 dixeris,
1449 2160 1487 2219 et

436 2285 481 2332 ex
504 2286 547 2333 eo
573 2264 720 2333 malitiae
747 2288 820 2335 suae
842 2267 974 2336 indicia
995 2268 1275 2349 demonstrasse;
1301 2288 1385 2359 ergo
1402 2274 1486 2335 ante

435 2377 502 2449 hoc
534 2378 646 2449 bonus
673 2380 752 2463 fuit,
779 2392 816 2451 et
842 2382 1177 2452 convertibilitatem
1207 2381 1332 2472 recipit
1359 2403 1485 2462 exeo,

434 2494 529 2585 quod
547 2497 677 2565 Pereati
699 2495 852 2567 hominis
874 2520 980 2568 carrea
1004 2499 1183 2567 invenitur
1205 2498 1367 2566 extitisse
1385 2495 1485 2566 mali·

433 2611 506 2678 tiae.
559 2610 631 2680 Sed
654 2622 832 2702 postremo
856 2613 952 2682 dicat
976 2614 1143 2703 quodest
1165 2611 1310 2690 malum,
1329 2612 1483 2681 neforto

433 2747 562 2794 nomen
586 2726 699 2795 solum
722 2726 900 2808 defendat,
918 2736 981 2797 aut
1003 2728 1173 2797 adstruat.
1225 2725 1331 2808 Quod
1357 2728 1386 2795 si
1412 2748 1484 2795 non

432 2863 562 2911 nomeu
592 2841 687 2923 mali,
713 2841 773 2910 sed
803 2842 1021 2924 substantia3
1047 2841 1184 2912 fructus
1208 2840 1310 2910 nobis
1335 2840 1482 2910 malitiae

431 2964 470 3022 et
495 2956 660 3047 nequities
685 2956 789 3049 hujus
815 2967 980 3050 exponat,
999 2959 1164 3049 quoniam
1188 2979 1259 3025 non
1282 2957 1484 3049 agnoscitur

430 3093 586 3160 unquam
604 3072 737 3142 arboris
755 3083 881 3142 natura
898 3075 973 3144 sine
991 3074 1139 3144 fructu³.

482 3185 610 3257 XVII.
639 3187 776 3259 Menas
793 3209 909 3272 mxu,
927 3187 1079 3260 Constet
1101 3187 1194 3280 apud
1214 3198 1251 3256 te
1278 3187 1382 3278 prius,
1401 3185 1483 3275 quia

430 3310 486 3369 cst
506 3303 605 3371 radix
628 3303 697 3373 alia
721 3304 875 3387 malitiae,
894 3328 1001 3396 quam
1027 3327 1098 3373 non
1125 3303 1299 3394 plantavit
1317 3300 1425 3381 Deus,
1443 3309 1482 3369 et

430 3426 515 3486 tune
546 3419 610 3488 tibi
646 3420 761 3488 dicam
796 3420 932 3489 fructus
966 3420 1052 3510 ejus
1104 3416 1333 3487 arcuarius
1363 3435 1479 3497 mxu,

430 3530 516 3601 Non
542 3534 608 3602 hoc
635 3535 708 3603 veri
734 3536 873 3626 expetit
903 3536 1013 3616 ratio;
1040 3557 1157 3625 neque
1184 3533 1279 3602 enim
1310 3531 1481 3602 assentiar

427 3647 493 3716 tibi
518 3650 671 3719 radicem
695 3672 772 3720 esse
795 3649 895 3721 malae
920 3650 1054 3719 arboris
1080 3649 1186 3730 illius,
1205 3647 1250 3717 de
1267 3647 1370 3738 cujus
1386 3647 1481 3716 fruc·

427 3762 523 3832 tibus
549 3787 729 3855 nunquam
755 3764 848 3834 ullus
873 3765 1079 3856 gustaverit.
1131 3762 1314 3853 Tanquam
1339 3761 1367 3830 si
1394 3759 1481 3829 velit

426 3875 557 3966 aliquid
576 3878 654 3968 quis
671 3900 811 3960 emere3
837 3879 903 3947 nisi
918 3879 1014 3969 prius
1026 3878 1204 3970 gustando
1218 3877 1343 3956 discat,
1357 3862 1478 3945 utrum

426 3989 524 4060 arida
546 3992 591 4060 sit
615 3994 757 4082 species,
776 4001 838 4062 aut
856 3992 998 4083 liquida,
1017 3993 1203 4084 pecuniam
1229 4013 1299 4060 non
1324 3989 1475 4082 profert3

425 4106 477 4174 ita
503 4128 620 4197 neque
647 4129 714 4198 ego
742 4107 806 4176 tibi
830 4108 1001 4177 assentiar
1018 4130 1094 4177 esse
1111 4107 1273 4177 arborem
1291 4104 1421 4176 malam
1439 4114 1477 4173 et

427 4221 624 4310 pessimam,
636 4224 701 4292 nisi
717 4223 812 4313 prius
829 4223 980 4315 qualitas
993 4225 1173 4292 fructuum
1187 4224 1263 4313 ejus
1281 4222 1388 4291 fuerit·
1405 4242 1479 4290 ma-

467 4429 482 4455 0
505 4413 599 4480 Forte,
614 4434 760 4473 temonem
775 4422 917 4475 converte.
1048 4428 1064 4473 Ρ
1086 4420 1181 4485 Forte,
1197 4418 1297 4475 creatio
1312 4416 1435 4472 devina.

465 4546 473 4574 ¹
492 4544 631 4618 [Scilicet.
646 4550 711 4623 quia
725 4551 786 4607 istis
801 4552 859 4607 auis
873 4553 1049 4616 adversatur,
1066 4552 1113 4625 qui
1128 4551 1194 4607 mali
1209 4549 1297 4621 sunt]

467 4644 584 4703 ²Marc.
601 4648 638 4703 iii.
655 4665 703 4721 27.
870 4648 879 4681 ³
896 4650 970 4706 Mat.
982 4651 1027 4706 vii.
1047 4650 1091 4706 18.
