3817 5692
524 719 589 780 152
749 715 1003 779 ARCHELAI
1035 715 1097 777 ΕΤ
1130 715 1349 777 MANETIS

524 891 596 957 imo
615 912 697 957 vero
715 890 822 957 etiam
843 889 912 956 duo
930 889 1069 956 minuta
1086 886 1307 977 paupercula·
1326 887 1438 955 viduae
1462 886 1574 957 liben-

524 1012 580 1071 ter
603 1003 852 1093 suscipiuntur,
869 1003 906 1069 in
924 1025 994 1091 quo
1016 1001 1167 1092 amplius
1192 1002 1336 1091 aliquid,
1355 1023 1460 1091 quarn
1479 1003 1573 1091 quod

525 1115 670 1208 Moyses
696 1126 908 1209 praeceperat
935 1118 980 1185 de
1006 1118 1228 1207 suscipienda
1253 1118 1404 1206 pecunia
1430 1117 1575 1184 demon·

525 1242 667 1300 stratur.
700 1230 768 1300 Ille
786 1234 879 1301 enim
900 1233 966 1301 tab
984 1232 1051 1314 his,
1071 1234 1132 1322 qui
1151 1232 1340 1311 habebant,
1357 1232 1573 1321 accipiebat3

524 1347 582 1416 bio
598 1356 720 1416 autom
738 1348 866 1438 accipit
885 1350 993 1416 etiam
1011 1348 1056 1415 ab
1074 1347 1137 1427 bis,
1157 1348 1216 1437 qui
1235 1370 1304 1415 non
1323 1347 1465 1415 babent.
1502 1345 1573 1414 Sed

524 1463 584 1541 ait,
614 1463 871 1551 scriptumest,
899 1459 1000 1530 ¹Ni-sz'
1028 1461 1105 1553 quis
1132 1461 1381 1530 renuntiaverit
1407 1458 1573 1539 erunibus,

525 1601 602 1669 quae
624 1576 786 1670 possidet,
804 1600 873 1646 uon
894 1586 1005 1669 potest
1029 1600 1122 1646 treus
1145 1600 1215 1646 usse
1240 1575 1439 1670 discipulus.
1476 1575 1574 1654 ‚Rur-

524 1713 601 1759 sum
634 1692 736 1760 video
768 1692 1011 1760 centurionem
1039 1691 1141 1760 valde
1175 1694 1332 1772 divitem,
1360 1701 1398 1760 et
1426 1690 1572 1760 seculari

525 1807 712 1895 praeditum
731 1816 908 1896 potestate
926 1808 1034 1877 fidem
1052 1808 1182 1876 habere
1206 1807 1392 1898 plusquam
1411 1816 1572 1875 ²omnem

526 1921 741 2002 Israelitam3
768 1933 808 1990 ut
832 1923 860 1991 si
883 1923 961 2013 quis
988 1922 1064 2002 fuit,
1084 1922 1191 1991 etiam
1214 1923 1273 2011 qui
1301 1922 1572 2000 renuntiaverat,

525 2039 776 2106 aeenturione
807 2047 993 2128 superatur
1027 2040 1062 2105 in
1096 2038 1174 2106 fide.
1227 2037 1319 2105 ⁸Sed
1350 2038 1445 2105 dicet
1472 2037 1573 2104 nobis

525 2155 612 2244 quis,
639 2177 709 2221 non
736 2164 790 2221 est
816 2177 900 2245 ergo
927 2154 1059 2222 bonum
1091 2155 1293 2222 renuntiare
1320 2152 1474 2222 divitiis?
1502 2153 1573 2221 Bo-

525 2291 619 2346 num,
643 2268 799 2357 inquam,
827 2269 890 2348 his,
918 2270 978 2357 qui
1009 2279 1177 2360 possunt3
1204 2265 1284 2337 “sed
1314 2268 1412 2337 abuti
1441 2268 1573 2336 divitiis

524 2384 566 2450 ad
587 2405 675 2473 opus
694 2383 847 2472 justitiae
870 2392 978 2472 atque
1001 2384 1249 2453 misericordia
1276 2407 1395 2474 parem
1422 2384 1572 2476 gratiam

524 2497 660 2577 tribuit,
687 2520 727 2566 ae
754 2499 781 2566 si
811 2499 981 2568 universis
1007 2500 1138 2590 pariter
1161 2500 1394 2568 renuntietur.
1447 2499 1502 2566 De
1530 2521 1572 2565 eo

524 2624 645 2681 autem
673 2615 765 2703 quod
794 2614 891 2695 dicit,
923 2616 1143 2683 destructum
1172 2637 1248 2683 esse
1275 2615 1472 2693 sabbatum,
1501 2636 1572 2680 non

524 2727 628 2818 plane
646 2730 841 2811 destruxit3
870 2731 962 2820 'ipse
980 2732 1073 2799 enirn
1096 2729 1292 2798 ⁰D01ninus
1315 2738 1391 2799 orat
1414 2728 1572 2807 sabbati;

524 2851 693 2933 tanquam
717 2846 744 2912 si
771 2846 888 2935 sponsi
908 2847 986 2935 quis
1004 2846 1206 2914 custodiens
1223 2844 1364 2913 thorum
1385 2843 1573 2935 diligenter

524 2955 761 3040 dextructum,
787 2983 808 3028 a
838 2960 935 3028 nullo
965 2960 1034 3032 aIio
1064 2971 1234 3028 extraneo
1262 2960 1381 3027 vexari
1409 2956 1464 3024 vel
1489 2980 1572 3026 eon·

524 3074 613 3165 tingi
639 3075 827 3164 spatiatur,
852 3099 1034 3166 usquequo
1063 3078 1136 3166 ipse
1167 3097 1313 3166 sponsus
1333 3073 1506 3153 adveniat,
1534 3081 1572 3140 et

525 3211 606 3256 eum
633 3189 827 3272 advenerit,
845 3200 957 3259 strato
983 3214 1058 3271 suo,
1081 3192 1172 3260 siout
1196 3190 1347 3270 libuerit,
1366 3198 1495 3269 utatur,
1515 3186 1570 3255 vel

525 3302 571 3382 bi,
590 3327 677 3394 quos
703 3305 777 3396 ipse
800 3329 918 3375 seeum
939 3305 1085 3397 jusserit
1108 3307 1262 3375 introire.
1314 3304 1572 3373 Testimonium

525 3419 632 3486 etiam
658 3422 758 3488 dedit
779 3421 937 3513 hisquae
961 3423 1122 3504 dicimus,
1142 3422 1269 3490 eaeIesti
1289 3443 1375 3489 voee
1401 3419 1476 3510 ipse
1498 3416 1572 3485 Do·

566 3686 577 3722 >¹
594 3676 674 3732 Idem
689 3678 788 3741 codex,
803 3678 837 3733 ab
851 3679 895 3735 lais
905 3680 1096 3742 tantummodo,
1114 3680 1160 3753 qui
1174 3678 1304 3733 habebunt
1317 3677 1488 3750 suscipiebat.

566 3783 577 3808 ²
600 3772 680 3829 Idem
702 3775 802 3840 codex,
825 3795 924 3832 omnem
946 3776 1038 3832 que!
1050 3802 1059 3842 ,-
1082 3786 1109 3831 ut
1132 3780 1234 3850 siquis
1247 3775 1351 3848 suerit.
1389 3774 1467 3844 (For.
1488 3773 1571 3846 paulo

524 3877 598 3942 post,
612 3875 776 3944 superetur.)

565 3975 580 4007 ⁸
594 3965 692 4022 Codex
710 3967 870 4032 Bobiensis,
886 3971 961 4025 dicit.

565 4057 580 4101 b
596 4062 743 4118 Bobiensis
758 4064 857 4128 codex,
873 4067 921 4120 sed
934 4074 960 4120 et
974 4065 1057 4121 abuti.
1090 4066 1184 4129 Forte,
1196 4066 1244 4119 sed
1256 4074 1281 4119 et
1298 4067 1346 4124 uti,
1361 4063 1415 4126 vel,
1431 4063 1571 4117 sedetiam

524 4159 572 4211 uti.
609 4159 728 4229 (Abutor
742 4179 794 4233 pro
809 4171 872 4216 utor
885 4162 1020 4217 usitatum
1036 4164 1101 4228 est.)

565 4264 578 4294 ⁰
593 4254 691 4311 Codex
709 4255 881 4323 casinensis,
896 4258 983 4313 Deus.

565 4347 580 4390 d
593 4351 638 4406 Ita
652 4353 714 4407 cod.
731 4353 895 4417 Bobiensis,
919 4373 984 4409 nam
1001 4355 1164 4411 Casinensis
1179 4356 1261 4420 male,
1277 4354 1406 4409 ertruait.

565 4456 578 4486 θ
594 4446 673 4502 Idem
689 4448 789 4515 codex,
801 4450 921 4522 potitur.
954 4451 992 4505 Et
1007 4470 1084 4514 mox,
1100 4470 1166 4524 quos
1179 4470 1275 4507 secum.

649 4621 655 4643 ¹
671 4616 740 4673 Luc.
757 4619 813 4673 xiv.
827 4637 875 4691 33.
898 4620 972 4677 Mat.
989 4622 1046 4677 viii.
1065 4642 1106 4679 ιο.
1245 4630 1252 4651 ²
1269 4625 1341 4680 Μυῒ.
1360 4625 1405 4679 xii.
1423 4626 1449 4680 8.
