3817 5692
659 677 902 741 RESPONSA
926 679 993 741 AD
1017 677 1280 742 EPISCOPOS.
1425 680 1490 743 243

441 847 515 918 haec
545 852 722 920 sententia
752 852 854 921 testis
884 861 949 933 est,
976 860 1018 921 ut
1047 851 1202 921 haeretici
1233 852 1415 921 venientes
1444 852 1488 921 ad

442 964 636 1036 Ecclesiam
663 990 744 1036 eum
772 968 983 1060 baptismate
1011 967 1105 1058 quod
1133 966 1311 1037 habebant
1336 967 1490 1059 suscipe-

419 1090 571 1166 rentur,
589 1092 653 1151 aut
675 1082 742 1153 hoc
763 1095 860 1153 recte
876 1083 996 1164 fiebat,
1014 1091 1078 1151 aut
1102 1080 1186 1151 mali
1212 1082 1323 1151 bonos
1348 1083 1385 1151 in
1410 1083 1489 1151 uni-

438 1204 515 1265 tate
541 1220 610 1266 non
638 1198 827 1268 maculant.
880 1198 919 1268 Si
940 1206 1037 1268 recte
1058 1197 1177 1277 fiebat,
1194 1219 1257 1267 cur
1280 1196 1402 1266 orbem
1420 1207 1490 1267 ter-

439 1332 568 1392 ramm‚
582 1313 665 1402 quia
683 1314 732 1382 sic
746 1314 975 1406 recipiuntur,
988 1309 1181 1382 accusanti
1209 1310 1247 1381 Si
1266 1321 1385 1380 antem
1405 1309 1488 1380 mali

440 1426 550 1495 bonos
567 1428 604 1495 in
617 1429 755 1499 unitate
772 1452 844 1498 non
861 1427 1051 1506 maculant,
1065 1427 1243 1518 quomodo
1256 1448 1294 1495 se
1307 1449 1329 1496 a
1341 1427 1489 1496 crimine

439 1540 617 1634 sacrilegae
634 1544 862 1635 separationis
879 1542 1077 1613 excusant?

491 1655 678 1727 Eucratius
695 1682 716 1728 a
733 1658 863 1728 Thenis
880 1658 991 1728 dixit:
1017 1655 1142 1727 Fidem
1169 1665 1331 1739 nostram,
1353 1664 1384 1726 et
1408 1654 1489 1750 lop-

439 1771 587 1842 lismotis
599 1773 763 1869 prolium,
777 1782 808 1844 et
824 1771 908 1870 lepis
924 1770 1160 1844 ecclesiasticen
1176 1771 1328 1868 repulsum
1342 1770 1441 1843 Deus
1458 1780 1490 1842 et

437 1883 613 1955 Dominus
630 1895 744 1957 noster
759 1885 865 1957 Jesus
884 1885 1046 1960 Christus
1068 1910 1131 1958 suo
1153 1910 1213 1958 ore
1228 1885 1412 1980 Apostolos
1429 1885 1489 1958 do·

438 2024 515 2070 oeus
528 2000 754 2095 perimplevit,
772 2000 899 2084 dicens,
916 1999 981 2085 Ite,
999 2001 1112 2073 docete
1131 2025 1245 2073 omues
1262 2012 1390 2098 ‘pentes
1407 2001 1488 2097 bop-

437 2117 583 2187 tizames
617 2141 673 2187 eos
708 2118 746 2188 iu
781 2118 919 2190 momine
941 2116 1066 2188 Patris
1096 2127 1128 2189 el
1152 2117 1243 2189 Filii
1273 2128 1304 2189 el
1330 2118 1488 2213 Spiritus

436 2232 557 2302 saecli.
608 2231 752 2303 Falsum
783 2255 863 2329 erpo
892 2230 1131 2304 haereticorum
1161 2231 1330 2327 baptismo
1359 2242 1391 2304 ct
1419 2234 1488 2303 irri-

437 2368 540 2438 quom
571 2371 593 2417 o
620 2347 716 2419 nobis
740 2346 936 2442 pellendum
963 2357 1021 2427 est,
1048 2358 1080 2418 et
1106 2350 1201 2418 omui
1226 2349 1488 2420 scentestotiom

436 2460 667 2555 refutandum,
685 2462 727 2533 ‹le
750 2486 895 2556 quorum
916 2486 976 2533 ore
992 2464 1100 2544 virus,
1119 2486 1188 2534 nou
1205 2465 1299 2542 vito:
1325 2489 1385 2536 nec
1404 2489 1488 2561 pro-

436 2576 487 2646 tio
504 2575 656 2661 celestis,
673 2576 734 2647 seul
753 2575 962 2672 blasphemio
978 2575 1166 2648 Trinitatis
1183 2580 1402 2672 eope-imitor.
1437 2580 1488 2652 Et

437 2690 513 2763 ideo
530 2696 697 2764 uenientes
715 2692 762 2763 od
773 2691 963 2764 Ecclesiam
981 2691 1158 2763 hereticos
1176 2695 1308 2790 intepro
1326 2704 1357 2766 et
1373 2694 1487 2767 collo-

435 2807 502 2880 lico
525 2806 724 2903 baptismale
749 2807 922 2904 baptizari
947 2805 1064 2878 delere
1089 2807 1308 2903 manifestum
1334 2819 1391 2893 est,
1409 2820 1486 2881 uto

434 2920 642 3015 blasphemio
666 2946 740 2993 sure
759 2924 1022 3017 praesumtionis
1040 2924 1232 3018 purificati,
1249 2926 1386 3020 possint
1401 2925 1484 3021 Spi-

434 3038 524 3107 ritus
539 3039 651 3108 suncti
668 3039 796 3134 rprolia
814 3037 1013 3134 reformari.

485 3152 595 3223 Plane
629 3156 657 3223 si
692 3177 762 3224 non
797 3165 851 3224 est
886 3154 1082 3246 baptismus
1112 3153 1227 3225 Patris
1260 3167 1298 3226 et
1329 3156 1409 3228 Filii
1446 3169 1482 3230 et

434 3268 586 3360 Spiritus
603 3271 715 3339 sancti
739 3271 882 3339 nomine
905 3278 1139 3351 consecratus,
1157 3268 1403 3341 hoereticorum
1422 3274 1483 3344 de-

432 3391 588 3475 putetur,
606 3394 644 3453 et
661 3385 859 3476 ’iniquusa
881 3383 983 3453 nobis
1000 3384 1096 3453 omni
1115 3387 1372 3456 contestatione
1390 3389 1483 3459 reiu-

432 3509 548 3584 tetur:
575 3500 604 3568 si
622 3509 743 3569 autem
761 3500 828 3570 hoc
846 3500 882 3568 in
899 3521 943 3568 eo
961 3521 1091 3568 nomen
1108 3502 1341 3592 agnoscimus,
1355 3503 1481 3575 melius

432 3616 539 3685 verba
567 3615 782 3709 Evangelica
807 3617 853 3686 ab
879 3616 1124 3685 hoereticorum
1153 3638 1270 3686 errore
1295 3619 1481 3712 distingui-

431 3756 521 3813 mus,
543 3744 580 3803 et
606 3735 700 3825 quod
728 3735 763 3803 in
791 3735 842 3803 eis
866 3732 1017 3825 probum
1040 3743 1094 3802 est
1120 3734 1366 3825 approbamus,
1384 3740 1478 3831 quod

430 3845 640 3915 mendosum
657 3856 711 3916 est
729 3847 970 3916 emendamus.

469 4020 485 4063 q
501 4009 583 4083 Apud
598 4008 780 4082 cyprianum,
795 4011 978 4067 detestatione.
1022 4013 1060 4069 Et
1078 4014 1162 4087 paulo
1177 4024 1252 4091 post,
1268 4024 1297 4071 ut
1318 4034 1335 4071 u
1356 4016 1479 4091 llosple-

1498 1671 1563 1721 Car.
1575 1674 1616 1735 36.

1496 2021 1588 2070 Meua

1496 2086 1580 2135 mlii.
1591 2102 1627 2152 ¹9·

427 4106 487 4161 mie
499 4124 555 4161 rue
562 4106 763 4180 presumtiones.
796 4106 943 4176 (Correxit
959 4107 1132 4182 Cyprianum
1148 4112 1297 4185 posteriori
1311 4112 1375 4169 loco
1393 4112 1478 4170 Balu·
1593 4169 1599 4181 ,

428 4203 514 4275 zius.)

469 4311 480 4341 r
495 4299 597 4356 Nostri
612 4299 702 4357 MSS.
716 4300 807 4375 plorio
823 4301 981 4375 rfformori.
1027 4304 1140 4374 (Gratia
1155 4314 1293 4382 praestsnt
1308 4305 1384 4378 mei.)

467 4405 480 4436 ⁸
496 4391 527 4452 ln
543 4396 634 4454 MSS.
651 4396 780 4471 iniquum.
824 4396 882 4454 Sed
896 4399 1091 4457 Lovanienses
1106 4402 1225 4466 malunt,
1241 4412 1272 4459 ut
1291 4403 1320 4458 in
1337 4401 1478 4476 prioribus

426 4492 518 4558 editis,
533 4494 662 4568 iniquus:
684 4494 749 4567 quic
769 4494 797 4549 in
820 4496 1003 4569 responsione
1019 4498 1172 4571 Augustini
1191 4518 1249 4554 non
1269 4499 1410 4573 baptismo,
1427 4499 1478 4555 sed

425 4589 572 4663 baptismos
585 4591 709 4664 ponitur.
755 4590 892 4665 (Iniquum
906 4592 1030 4663 etmel.)

910 4703 986 4749 112
