3817 5692
395 1660 398 1668 .
501 1582 823 1665 ¹ECCLESIAE
870 1584 1296 1680 AQUILEIENSIS,

376 1833 715 1899 REFERENTE
745 1834 1423 1913 2RUFIN0AQUILE1ENSI‚

647 2057 1150 2157 ’SYMBOLUM

760 2325 1040 2366 -4-

430 2504 648 2585 ⁴CREDO
678 2506 720 2585 in
748 2504 839 2585 Deo
866 2505 1002 2600 Patre,
1026 2503 1313 2611 omnipotenti,
1337 2503 1417 2582 ⁵in·

375 2647 523 2728 visibili
558 2660 601 2729 et
634 2646 898 2756 impassibili:
930 2648 989 2728 Et
1018 2648 1062 2727 in
1090 2646 1208 2727 ⁶Jesu
1240 2645 1420 2736 Christo,

824 2882 980 2945 NOTAE.

416 3009 423 3032 ¹
439 3000 648 3059 ECCLESIAE
662 3002 966 3076 AQUILEIENSIS]
985 3002 1113 3060 Celebris
1126 3002 1180 3058 tuit
1201 3002 1320 3059 ecclesis
1335 3003 1424 3077 Aqui-

374 3099 497 3166 leiensis,
513 3100 593 3173 cujus
615 3099 763 3174 episcopus
779 3101 947 3157 Theodorus
968 3108 1035 3157 ente
1057 3099 1198 3175 synodum
1221 3100 1372 3157 Nicaenem
1393 3102 1423 3158 iu

376 3195 504 3252 Concilio
518 3196 679 3252 Arelatensi
694 3197 777 3253 sedit.

416 3292 609 3366 'RUFINOJ
632 3293 761 3360 Rufinus,
777 3294 823 3368 qui
837 3294 893 3350 hoc
907 3293 1067 3370 symbolum
1082 3292 1262 3367 Aquileiense
1277 3311 1294 3350 a
1308 3293 1422 3368 majori-

375 3390 429 3446 bus
451 3389 567 3464 accepit‚
592 3388 747 3447 exsistente
772 3391 876 3447 eaeculo
906 3400 1017 3465 quarto,
1038 3390 1088 3446 vix
1107 3389 1312 3464 quinquaginta
1336 3409 1426 3447 annos

374 3495 440 3562 post
461 3486 620 3544 Concilium
638 3486 800 3555 Nicaenum,
824 3488 851 3544 S.
872 3489 1050 3563 Hieronymo
1073 3496 1159 3544 notus
1179 3486 1251 3550 suin
1274 3487 1341 3543 dum
1370 3489 1424 3562 ipsi

376 3585 482 3644 Rufino
504 3598 588 3646 notus
609 3589 665 3646 tuit
683 3589 786 3647 Paulus
804 3589 881 3646 Petri
894 3587 1089 3654 Alexandrini,
1104 3588 1219 3644 ineunte
1240 3586 1296 3643 hoe
1319 3587 1423 3644 saeeulo

375 3686 516 3760 martyris,
531 3687 692 3762 discipulus.
733 3687 800 3743 vid.
816 3706 901 3761 supra
915 3687 969 3742 vol
986 3686 1038 3742 IV.
1054 3706 1081 3760 p,
1097 3703 1144 3741 22.

415 3780 683 3857 *SYMBOLUMJ
706 3783 804 3857 Pergit
817 3783 937 3839 Rufinus
956 3790 1021 3856 post
1042 3782 1209 3856 principium
1228 3781 1423 3839 Commmturii

375 3877 420 3933 eui
437 3878 465 3932 iu
486 3876 644 3951 Symbolum
667 3877 729 3933 haec
754 3878 895 3935 scriberet
938 3878 1038 3933 Verum
1059 3878 1218 3951 priusquam
1242 3879 1369 3953 incipiam
1391 3880 1424 3935 de

375 3974 444 4047 ipsit
456 3992 606 4029 sermonum
622 3973 662 4043 (in
678 3971 828 4047 Symbolo)
843 3973 993 4030 uirtutibus
1005 3973 1155 4048 disputare,
1171 3972 1241 4027 illud
1253 3991 1306 4028 non
1320 3975 1422 4048 impor-

375 4079 439 4126 tune
462 4070 673 4126 eommoueudum
693 4078 771 4144 puto,
790 4073 860 4145 quod
879 4073 907 4126 in
929 4070 1046 4127 diuersis
1070 4068 1191 4125 ecelesiis
1211 4069 1304 4143 ulique
1328 4071 1357 4126 in
1379 4071 1423 4128 lis

374 4167 465 4224 uerbis
478 4167 647 4224 inueniuntur
660 4167 776 4240 urb‘eetu.
818 4167 854 4224 Iu
871 4167 984 4224 ecclesio
1003 4176 1092 4223 tumen
1110 4166 1186 4224 urbis
1199 4166 1294 4223 Rome
1308 4166 1358 4224 boe
1371 4187 1423 4225 uon

375 4264 582 4340 deprehenditur
596 4264 727 4340 foetum:
747 4284 799 4338 pro
822 4284 853 4321 eo
877 4265 1008 4330 arbitror,
1032 4267 1102 4340 quod
1123 4284 1205 4341 neque
1229 4264 1340 4320 heresis
1363 4265 1422 4322 ullu

375 4362 434 4419 illie
459 4363 574 4438 sumpsit
601 4363 758 4429 murdim,-
779 4370 806 4419 et
828 4381 885 4420 mos
908 4362 976 4420 inibi
1003 4364 1285 4438 semermemque,
1308 4365 1423 4437 eosqui

373 4461 493 4535 pretium
514 4459 641 4535 baptismi
662 4462 815 4536 suscepturi
835 4469 908 4526 eunt,
923 4461 1041 4536 publice,
1066 4461 1096 4515 id
1115 4468 1164 4523 eet,
1175 4459 1301 4533 fidelium
1319 4461 1422 4535 populo

375 4558 506 4622 audiente,
523 4557 675 4630 Symbolum
689 4558 809 4616 reddere.
852 4557 893 4614 Et
916 4557 1008 4633 utique
1029 4557 1204 4630 adjectionem
1227 4556 1307 4612 unius
1325 4556 1421 4613 saltem

374 4654 514 4719 emmonis,
533 4672 634 4720 eonem,
659 4655 706 4729 qui
723 4663 922 4732 precesserunt
945 4655 1056 4729 infide,
1082 4672 1133 4711 nou
1159 4654 1280 4711 admittit
1304 4654 1421 4710 auditur.

374 4750 411 4807 Iu
434 4750 540 4809 ceteris
562 4760 650 4810 autem
670 4752 747 4822 loeis,
772 4760 898 4829 quantum
918 4752 1037 4829 iutellipi
1059 4752 1150 4819 detur,
1170 4761 1288 4828 propter
1309 4750 1420 4809 nonnul·

850 4868 870 4909 U
885 4866 907 4909 u
923 4863 941 4911 2
