<?xml version="1.0" encoding="UTF-8"?>
<!DOCTYPE html PUBLIC "-//W3C//DTD XHTML 1.0 Transitional//EN"
    "http://www.w3.org/TR/xhtml1/DTD/xhtml1-transitional.dtd">
<html xmlns="http://www.w3.org/1999/xhtml" xml:lang="en" lang="en">
 <head>
  <title>
</title>
<meta http-equiv="Content-Type" content="text/html;charset=utf-8" />
  <meta name='ocr-system' content='tesseract 3.04.00' />
  <meta name='ocr-capabilities' content='ocr_page ocr_carea ocr_par ocr_line ocrx_word'/>
</head>
<body>
  <div class='ocr_page' id='page_1' title='image "./reliquiaesacrae02routgoog_0225.png"; bbox 0 0 3817 5692; ppageno 0'>
   <div class='ocr_carea' id='block_1_1' title="bbox 621 687 1468 751">
    <p class='ocr_par' dir='ltr' id='par_1_1' title="bbox 621 687 1468 751">
     <span class='ocr_line' id='line_1_1' title="bbox 621 687 1468 751; baseline 0 -2"><span class='ocrx_word' id='word_1_1' title='bbox 621 687 862 750; x_wconf 87' lang='lat' dir='ltr'>RESPONSA</span> <span class='ocrx_word' id='word_1_2' title='bbox 886 688 953 749; x_wconf 91' lang='lat' dir='ltr'>AD</span> <span class='ocrx_word' id='word_1_3' title='bbox 978 687 1238 751; x_wconf 86' lang='lat' dir='ltr'>EPISCOPOS.</span> <span class='ocrx_word' id='word_1_4' title='bbox 1410 689 1468 750; x_wconf 75' lang='lat'>211</span> 
     </span>
    </p>
   </div>
   <div class='ocr_carea' id='block_1_2' title="bbox 422 851 1476 4038">
    <p class='ocr_par' dir='ltr' id='par_1_2' title="bbox 422 851 1476 4038">
     <span class='ocr_line' id='line_1_2' title="bbox 428 851 1474 951; baseline 0.004 -27"><span class='ocrx_word' id='word_1_5' title='bbox 428 857 512 926; x_wconf 85' lang='lat' dir='ltr'>serit</span> <span class='ocrx_word' id='word_1_6' title='bbox 529 866 727 927; x_wconf 75' lang='lat' dir='ltr'><em>amoventes.</em></span> <span class='ocrx_word' id='word_1_7' title='bbox 780 856 884 941; x_wconf 85' lang='lat' dir='ltr'>Quod</span> <span class='ocrx_word' id='word_1_8' title='bbox 910 880 993 928; x_wconf 90' lang='lat' dir='ltr'>eum</span> <span class='ocrx_word' id='word_1_9' title='bbox 1016 880 1088 928; x_wconf 91' lang='lat' dir='ltr'>non</span> <span class='ocrx_word' id='word_1_10' title='bbox 1105 867 1312 951; x_wconf 70' lang='lat' dir='ltr'>“propterea</span> <span class='ocrx_word' id='word_1_11' title='bbox 1335 851 1474 940; x_wconf 74' lang='lat' dir='ltr'>dixisse,</span> 
     </span>
     <span class='ocr_line' id='line_1_3' title="bbox 429 970 1473 1065; baseline 0.003 -26"><span class='ocrx_word' id='word_1_12' title='bbox 429 981 470 1039; x_wconf 93' lang='lat' dir='ltr'>ut</span> <span class='ocrx_word' id='word_1_13' title='bbox 496 972 727 1063; x_wconf 86' lang='lat' dir='ltr'>cogitationes</span> <span class='ocrx_word' id='word_1_14' title='bbox 753 974 878 1042; x_wconf 82' lang='lat' dir='ltr'>tacitae</span> <span class='ocrx_word' id='word_1_15' title='bbox 904 970 1131 1065; x_wconf 81' lang='lat' dir='ltr'>collegarum,</span> <span class='ocrx_word' id='word_1_16' title='bbox 1148 981 1328 1062; x_wconf 81' lang='lat' dir='ltr'><strong>tamquam</strong></span> <span class='ocrx_word' id='word_1_17' title='bbox 1347 972 1393 1042; x_wconf 90' lang='lat' dir='ltr'>de</span> <span class='ocrx_word' id='word_1_18' title='bbox 1415 973 1473 1042; x_wconf 87' lang='lat' dir='ltr'>ab</span> 
     </span>
     <span class='ocr_line' id='line_1_4' title="bbox 429 1085 1475 1179; baseline 0.004 -25"><span class='ocrx_word' id='word_1_19' title='bbox 429 1085 504 1154; x_wconf 92' lang='lat' dir='ltr'>dito</span> <span class='ocrx_word' id='word_1_20' title='bbox 522 1096 641 1155; x_wconf 90' lang='lat' dir='ltr'>erutas</span> <span class='ocrx_word' id='word_1_21' title='bbox 659 1086 721 1156; x_wconf 90' lang='lat' dir='ltr'>tali</span> <span class='ocrx_word' id='word_1_22' title='bbox 748 1087 936 1156; x_wconf 78' lang='lat' dir='ltr'>securitate</span> <span class='ocrx_word' id='word_1_23' title='bbox 960 1095 1129 1179; x_wconf 87' lang='lat' dir='ltr'>captaret,</span> <span class='ocrx_word' id='word_1_24' title='bbox 1147 1087 1207 1157; x_wconf 89' lang='lat' dir='ltr'>sed</span> <span class='ocrx_word' id='word_1_25' title='bbox 1234 1087 1327 1177; x_wconf 91' lang='lat' dir='ltr'>quod</span> <span class='ocrx_word' id='word_1_26' title='bbox 1354 1110 1475 1158; x_wconf 82' lang='lat' dir='ltr'>revera</span> 
     </span>
     <span class='ocr_line' id='line_1_5' title="bbox 429 1200 1475 1293; baseline 0.006 -27"><span class='ocrx_word' id='word_1_27' title='bbox 429 1221 551 1290; x_wconf 85' lang='lat' dir='ltr'>pacem</span> <span class='ocrx_word' id='word_1_28' title='bbox 570 1201 815 1292; x_wconf 81' lang='lat' dir='ltr'>unitatemque</span> <span class='ocrx_word' id='word_1_29' title='bbox 829 1201 1002 1293; x_wconf 84' lang='lat' dir='ltr'>diligeret,</span> <span class='ocrx_word' id='word_1_30' title='bbox 1014 1224 1060 1270; x_wconf 85' lang='lat' dir='ltr'>ex</span> <span class='ocrx_word' id='word_1_31' title='bbox 1077 1200 1154 1271; x_wconf 86' lang='lat' dir='ltr'>aliis</span> <span class='ocrx_word' id='word_1_32' title='bbox 1170 1200 1343 1270; x_wconf 82' lang='lat' dir='ltr'>similibus</span> <span class='ocrx_word' id='word_1_33' title='bbox 1356 1202 1475 1272; x_wconf 91' lang='lat' dir='ltr'>videre</span> 
     </span>
     <span class='ocr_line' id='line_1_6' title="bbox 429 1312 1476 1408; baseline 0.006 -28"><span class='ocrx_word' id='word_1_34' title='bbox 429 1312 638 1384; x_wconf 86' lang='lat' dir='ltr'>facillimum</span> <span class='ocrx_word' id='word_1_35' title='bbox 655 1324 718 1396; x_wconf 88' lang='lat' dir='ltr'>est,</span> <span class='ocrx_word' id='word_1_36' title='bbox 737 1315 799 1384; x_wconf 94' lang='lat' dir='ltr'>ubi</span> <span class='ocrx_word' id='word_1_37' title='bbox 816 1316 862 1384; x_wconf 90' lang='lat' dir='ltr'>ad</span> <span class='ocrx_word' id='word_1_38' title='bbox 883 1314 1039 1408; x_wconf 84' lang='lat' dir='ltr'>singulos</span> <span class='ocrx_word' id='word_1_39' title='bbox 1057 1317 1221 1406; x_wconf 85' lang='lat' dir='ltr'>¹scripsit‚</span> <span class='ocrx_word' id='word_1_40' title='bbox 1239 1318 1331 1386; x_wconf 90' lang='lat' dir='ltr'>sicut</span> <span class='ocrx_word' id='word_1_41' title='bbox 1354 1316 1399 1385; x_wconf 89' lang='lat' dir='ltr'>ad</span> <span class='ocrx_word' id='word_1_42' title='bbox 1423 1318 1476 1408; x_wconf 84' lang='lat' dir='ltr'>ip</span> 
     </span>
     <span class='ocr_line' id='line_1_7' title="bbox 430 1425 1476 1523; baseline 0.007 -30"><span class='ocrx_word' id='word_1_43' title='bbox 430 1446 508 1493; x_wconf 89' lang='lat' dir='ltr'>sum</span> <span class='ocrx_word' id='word_1_44' title='bbox 537 1425 773 1497; x_wconf 86' lang='lat' dir='ltr'>Jubaiauum:</span> <span class='ocrx_word' id='word_1_45' title='bbox 809 1425 899 1497; x_wconf 71' lang='lat' dir='ltr'>Haec</span> <span class='ocrx_word' id='word_1_46' title='bbox 929 1425 1002 1509; x_wconf 87' lang='lat' dir='ltr'>tibi,</span> <span class='ocrx_word' id='word_1_47' title='bbox 1029 1428 1156 1518; x_wconf 90' lang='lat' dir='ltr'>inquit,</span> <span class='ocrx_word' id='word_1_48' title='bbox 1183 1427 1378 1500; x_wconf 73' lang='lat' dir='ltr'>lenissime</span> <span class='ocrx_word' id='word_1_49' title='bbox 1406 1453 1476 1523; x_wconf 91' lang='lat' dir='ltr'>pro</span> 
     </span>
     <span class='ocr_line' id='line_1_8' title="bbox 431 1540 1476 1636; baseline 0.008 -30"><span class='ocrx_word' id='word_1_50' title='bbox 431 1548 549 1609; x_wconf 85' lang='lat' dir='ltr'>nostra</span> <span class='ocrx_word' id='word_1_51' title='bbox 572 1540 802 1612; x_wconf 81' lang='lat' dir='ltr'>mediocritate</span> <span class='ocrx_word' id='word_1_52' title='bbox 818 1542 1068 1635; x_wconf 83' lang='lat' dir='ltr'>rescripsimus,</span> <span class='ocrx_word' id='word_1_53' title='bbox 1074 1541 1198 1636; x_wconf 87' lang='lat' dir='ltr'>frater</span> <span class='ocrx_word' id='word_1_54' title='bbox 1215 1544 1400 1627; x_wconf 78' lang='lat' dir='ltr'>carissime,</span> <span class='ocrx_word' id='word_1_55' title='bbox 1418 1568 1476 1614; x_wconf 90' lang='lat' dir='ltr'>ne-</span> 
     </span>
     <span class='ocr_line' id='line_1_9' title="bbox 433 1653 1476 1752; baseline 0.009 -31"><span class='ocrx_word' id='word_1_56' title='bbox 433 1655 521 1723; x_wconf 87' lang='lat' dir='ltr'>rnini</span> <span class='ocrx_word' id='word_1_57' title='bbox 552 1653 821 1748; x_wconf 73' lang='lat' dir='ltr'>proscribentes,</span> <span class='ocrx_word' id='word_1_58' title='bbox 856 1666 916 1727; x_wconf 86' lang='lat' dir='ltr'>ant</span> <span class='ocrx_word' id='word_1_59' title='bbox 948 1655 1227 1750; x_wconf 72' lang='lat' dir='ltr'>praplrdicantes,</span> <span class='ocrx_word' id='word_1_60' title='bbox 1262 1681 1327 1752; x_wconf 85' lang='lat' dir='ltr'>qao</span> <span class='ocrx_word' id='word_1_61' title='bbox 1361 1661 1476 1729; x_wconf 80' lang='lat' dir='ltr'>minsas</span> 
     </span>
     <span class='ocr_line' id='line_1_10' title="bbox 433 1770 1476 1866; baseline 0.007 -29"><span class='ocrx_word' id='word_1_62' title='bbox 433 1770 663 1862; x_wconf 79' lang='lat' dir='ltr'>unusquisqne</span> <span class='ocrx_word' id='word_1_63' title='bbox 689 1771 922 1864; x_wconf 84' lang='lat' dir='ltr'>episcoporum</span> <span class='ocrx_word' id='word_1_64' title='bbox 952 1770 1045 1865; x_wconf 85' lang='lat' dir='ltr'>qnod</span> <span class='ocrx_word' id='word_1_65' title='bbox 1072 1780 1173 1865; x_wconf 83' lang='lat' dir='ltr'>petat</span> <span class='ocrx_word' id='word_1_66' title='bbox 1195 1772 1324 1866; x_wconf 85' lang='lat' dir='ltr'>saciat,</span> <span class='ocrx_word' id='word_1_67' title='bbox 1351 1770 1476 1845; x_wconf 76' lang='lat' dir='ltr'>haberis</span> 
     </span>
     <span class='ocr_line' id='line_1_11' title="bbox 433 1879 1474 1979; baseline 0.008 -30"><span class='ocrx_word' id='word_1_68' title='bbox 433 1879 573 1953; x_wconf 80' lang='lat' dir='ltr'>arbitrii</span> <span class='ocrx_word' id='word_1_69' title='bbox 596 1884 653 1952; x_wconf 88' lang='lat' dir='ltr'>sni</span> <span class='ocrx_word' id='word_1_70' title='bbox 677 1882 817 1953; x_wconf 86' lang='lat' dir='ltr'>liberam</span> <span class='ocrx_word' id='word_1_71' title='bbox 836 1893 1047 1977; x_wconf 85' lang='lat' dir='ltr'>potestatem.</span> <span class='ocrx_word' id='word_1_72' title='bbox 1100 1885 1149 1955; x_wconf 87' lang='lat' dir='ltr'>Et</span> <span class='ocrx_word' id='word_1_73' title='bbox 1171 1909 1216 1955; x_wconf 91' lang='lat' dir='ltr'>ne</span> <span class='ocrx_word' id='word_1_74' title='bbox 1234 1888 1428 1979; x_wconf 90' lang='lat' dir='ltr'>quisquam,</span> <span class='ocrx_word' id='word_1_75' title='bbox 1446 1891 1474 1960; x_wconf 90' lang='lat' dir='ltr'>si</span> 
     </span>
     <span class='ocr_line' id='line_1_12' title="bbox 433 1996 1476 2093; baseline 0.006 -27"><span class='ocrx_word' id='word_1_76' title='bbox 433 1996 500 2066; x_wconf 86' lang='lat' dir='ltr'>bac</span> <span class='ocrx_word' id='word_1_77' title='bbox 523 1998 646 2067; x_wconf 89' lang='lat' dir='ltr'>eadem</span> <span class='ocrx_word' id='word_1_78' title='bbox 673 1998 783 2068; x_wconf 82' lang='lat' dir='ltr'>libera</span> <span class='ocrx_word' id='word_1_79' title='bbox 805 2008 983 2091; x_wconf 82' lang='lat' dir='ltr'>potestate</span> <span class='ocrx_word' id='word_1_80' title='bbox 1008 2001 1145 2070; x_wconf 90' lang='lat' dir='ltr'>diversa</span> <span class='ocrx_word' id='word_1_81' title='bbox 1169 2001 1324 2082; x_wconf 88' lang='lat' dir='ltr'>sentiret,</span> <span class='ocrx_word' id='word_1_82' title='bbox 1342 2002 1476 2093; x_wconf 89' lang='lat' dir='ltr'>pellen-</span> 
     </span>
     <span class='ocr_line' id='line_1_13' title="bbox 433 2112 1475 2208; baseline 0.007 -28"><span class='ocrx_word' id='word_1_83' title='bbox 433 2112 499 2180; x_wconf 87' lang='lat' dir='ltr'>dus</span> <span class='ocrx_word' id='word_1_84' title='bbox 532 2135 553 2181; x_wconf 91' lang='lat' dir='ltr'>a</span> <span class='ocrx_word' id='word_1_85' title='bbox 587 2121 784 2183; x_wconf 87' lang='lat' dir='ltr'>ceterorum</span> <span class='ocrx_word' id='word_1_86' title='bbox 818 2118 993 2185; x_wconf 86' lang='lat' dir='ltr'>consortio</span> <span class='ocrx_word' id='word_1_87' title='bbox 1026 2116 1213 2198; x_wconf 85' lang='lat' dir='ltr'>videretur,</span> <span class='ocrx_word' id='word_1_88' title='bbox 1248 2117 1406 2208; x_wconf 87' lang='lat' dir='ltr'>sequitur</span> <span class='ocrx_word' id='word_1_89' title='bbox 1437 2126 1475 2187; x_wconf 89' lang='lat' dir='ltr'>et</span> 
     </span>
     <span class='ocr_line' id='line_1_14' title="bbox 432 2225 1475 2326; baseline 0.009 -34"><span class='ocrx_word' id='word_1_90' title='bbox 432 2227 538 2308; x_wconf 83' lang='lat' dir='ltr'>dicit3</span> <span class='ocrx_word' id='word_1_91' title='bbox 564 2225 647 2309; x_wconf 90' lang='lat' dir='ltr'>Nos,</span> <span class='ocrx_word' id='word_1_92' title='bbox 669 2238 832 2322; x_wconf 78' lang='lat' dir='ltr'>quarelam</span> <span class='ocrx_word' id='word_1_93' title='bbox 860 2230 899 2299; x_wconf 91' lang='lat' dir='ltr'>in</span> <span class='ocrx_word' id='word_1_94' title='bbox 927 2228 1023 2300; x_wconf 83' lang='lat' dir='ltr'>nobis</span> <span class='ocrx_word' id='word_1_95' title='bbox 1053 2239 1110 2313; x_wconf 91' lang='lat' dir='ltr'>est,</span> <span class='ocrx_word' id='word_1_96' title='bbox 1131 2239 1276 2326; x_wconf 87' lang='lat' dir='ltr'>propter</span> <span class='ocrx_word' id='word_1_97' title='bbox 1297 2227 1475 2301; x_wconf 73' lang='lat' dir='ltr'>hereticos</span> 
     </span>
     <span class='ocr_line' id='line_1_15' title="bbox 431 2340 1473 2438; baseline 0.008 -31"><span class='ocrx_word' id='word_1_98' title='bbox 431 2362 506 2408; x_wconf 76' lang='lat' dir='ltr'>cisra</span> <span class='ocrx_word' id='word_1_99' title='bbox 534 2340 667 2437; x_wconf 62' lang='lat' dir='ltr'>colapis</span> <span class='ocrx_word' id='word_1_100' title='bbox 692 2351 724 2413; x_wconf 79' lang='lat' dir='ltr'>et</span> <span class='ocrx_word' id='word_1_101' title='bbox 748 2344 957 2438; x_wconf 67' lang='lat' dir='ltr'>coepiscopis</span> <span class='ocrx_word' id='word_1_102' title='bbox 983 2346 1110 2414; x_wconf 84' lang='lat' dir='ltr'>nostris</span> <span class='ocrx_word' id='word_1_103' title='bbox 1134 2368 1204 2416; x_wconf 91' lang='lat' dir='ltr'>non</span> <span class='ocrx_word' id='word_1_104' title='bbox 1231 2344 1473 2427; x_wconf 79' lang='lat' dir='ltr'>coratendimns,</span> 
     </span>
     <span class='ocr_line' id='line_1_16' title="bbox 430 2456 1474 2555; baseline 0.006 -31"><span class='ocrx_word' id='word_1_105' title='bbox 430 2479 505 2524; x_wconf 86' lang='lat' dir='ltr'>enm</span> <span class='ocrx_word' id='word_1_106' title='bbox 524 2456 645 2549; x_wconf 83' lang='lat' dir='ltr'>quibos</span> <span class='ocrx_word' id='word_1_107' title='bbox 662 2457 816 2528; x_wconf 85' lang='lat' dir='ltr'>divinam</span> <span class='ocrx_word' id='word_1_108' title='bbox 834 2457 1051 2529; x_wconf 79' lang='lat' dir='ltr'>concordiam</span> <span class='ocrx_word' id='word_1_109' title='bbox 1069 2469 1100 2530; x_wconf 90' lang='lat' dir='ltr'>et</span> <span class='ocrx_word' id='word_1_110' title='bbox 1116 2458 1337 2531; x_wconf 86' lang='lat' dir='ltr'>Dominicam</span> <span class='ocrx_word' id='word_1_111' title='bbox 1355 2485 1474 2555; x_wconf 87' lang='lat' dir='ltr'>pacem</span> 
     </span>
     <span class='ocr_line' id='line_1_17' title="bbox 430 2568 1474 2662; baseline 0.004 -25"><span class='ocrx_word' id='word_1_112' title='bbox 430 2577 587 2639; x_wconf 80' lang='lat' dir='ltr'>teneretis.</span> <span class='ocrx_word' id='word_1_113' title='bbox 640 2571 689 2640; x_wconf 91' lang='lat' dir='ltr'>Et</span> <span class='ocrx_word' id='word_1_114' title='bbox 718 2570 824 2662; x_wconf 87' lang='lat' dir='ltr'>paulo</span> <span class='ocrx_word' id='word_1_115' title='bbox 854 2578 943 2662; x_wconf 92' lang='lat' dir='ltr'>post,</span> <span class='ocrx_word' id='word_1_116' title='bbox 969 2568 1147 2652; x_wconf 77' lang='lat' dir='ltr'>Seraatnr,</span> <span class='ocrx_word' id='word_1_117' title='bbox 1177 2572 1304 2662; x_wconf 91' lang='lat' dir='ltr'>inquit,</span> <span class='ocrx_word' id='word_1_118' title='bbox 1330 2594 1352 2641; x_wconf 94' lang='lat' dir='ltr'>a</span> <span class='ocrx_word' id='word_1_119' title='bbox 1378 2569 1474 2641; x_wconf 83' lang='lat' dir='ltr'>nobis</span> 
     </span>
     <span class='ocr_line' id='line_1_18' title="bbox 422 2681 1473 2779; baseline 0.006 -31"><span class='ocrx_word' id='word_1_120' title='bbox 422 2682 596 2772; x_wconf 78' lang='lat' dir='ltr'>patienter</span> <span class='ocrx_word' id='word_1_121' title='bbox 616 2692 648 2752; x_wconf 86' lang='lat' dir='ltr'>et</span> <span class='ocrx_word' id='word_1_122' title='bbox 672 2681 794 2752; x_wconf 86' lang='lat' dir='ltr'>leniter</span> <span class='ocrx_word' id='word_1_123' title='bbox 810 2683 938 2753; x_wconf 88' lang='lat' dir='ltr'>caritas</span> <span class='ocrx_word' id='word_1_124' title='bbox 964 2683 1083 2764; x_wconf 87' lang='lat' dir='ltr'>animi,</span> <span class='ocrx_word' id='word_1_125' title='bbox 1105 2681 1238 2779; x_wconf 81' lang='lat' dir='ltr'>eollepii</span> <span class='ocrx_word' id='word_1_126' title='bbox 1263 2681 1381 2767; x_wconf 75' lang='lat' dir='ltr'>honor,</span> <span class='ocrx_word' id='word_1_127' title='bbox 1399 2685 1473 2755; x_wconf 88' lang='lat' dir='ltr'>vin-</span> 
     </span>
     <span class='ocr_line' id='line_1_19' title="bbox 428 2793 1473 2891; baseline 0.006 -28"><span class='ocrx_word' id='word_1_128' title='bbox 428 2793 648 2889; x_wconf 84' lang='lat' dir='ltr'>cnlnrnfidei,</span> <span class='ocrx_word' id='word_1_129' title='bbox 667 2795 850 2867; x_wconf 83' lang='lat' dir='ltr'>concordia</span> <span class='ocrx_word' id='word_1_130' title='bbox 866 2795 1061 2867; x_wconf 85' lang='lat' dir='ltr'>sacerdotii.</span> <span class='ocrx_word' id='word_1_131' title='bbox 1114 2797 1174 2867; x_wconf 89' lang='lat' dir='ltr'>Sic</span> <span class='ocrx_word' id='word_1_132' title='bbox 1200 2806 1237 2867; x_wconf 91' lang='lat' dir='ltr'>et</span> <span class='ocrx_word' id='word_1_133' title='bbox 1262 2800 1298 2867; x_wconf 91' lang='lat' dir='ltr'>in</span> <span class='ocrx_word' id='word_1_134' title='bbox 1324 2799 1473 2891; x_wconf 89' lang='lat' dir='ltr'>epistola</span> 
     </span>
     <span class='ocr_line' id='line_1_20' title="bbox 427 2910 1472 3005; baseline 0.005 -26"><span class='ocrx_word' id='word_1_135' title='bbox 427 2933 535 3002; x_wconf 89' lang='lat' dir='ltr'>quam</span> <span class='ocrx_word' id='word_1_136' title='bbox 552 2913 689 3004; x_wconf 84' lang='lat' dir='ltr'>scripsit</span> <span class='ocrx_word' id='word_1_137' title='bbox 706 2914 749 2983; x_wconf 89' lang='lat' dir='ltr'>ad</span> <span class='ocrx_word' id='word_1_138' title='bbox 770 2910 957 3005; x_wconf 85' lang='lat' dir='ltr'>Magnum,</span> <span class='ocrx_word' id='word_1_139' title='bbox 974 2936 1056 2982; x_wconf 89' lang='lat' dir='ltr'>cum</span> <span class='ocrx_word' id='word_1_140' title='bbox 1079 2914 1124 2983; x_wconf 91' lang='lat' dir='ltr'>de</span> <span class='ocrx_word' id='word_1_141' title='bbox 1147 2914 1323 3005; x_wconf 89' lang='lat' dir='ltr'>baptismo</span> <span class='ocrx_word' id='word_1_142' title='bbox 1344 2916 1472 2984; x_wconf 89' lang='lat' dir='ltr'>tincto-</span> 
     </span>
     <span class='ocr_line' id='line_1_21' title="bbox 427 3029 1472 3121; baseline 0.003 -26"><span class='ocrx_word' id='word_1_143' title='bbox 427 3049 506 3095; x_wconf 88' lang='lat' dir='ltr'>rum</span> <span class='ocrx_word' id='word_1_144' title='bbox 525 3038 562 3096; x_wconf 91' lang='lat' dir='ltr'>et</span> <span class='ocrx_word' id='word_1_145' title='bbox 580 3029 799 3119; x_wconf 80' lang='lat' dir='ltr'>perfusorum</span> <span class='ocrx_word' id='word_1_146' title='bbox 824 3039 1047 3120; x_wconf 86' lang='lat' dir='ltr'>quaereretur,</span> <span class='ocrx_word' id='word_1_147' title='bbox 1065 3039 1184 3099; x_wconf 91' lang='lat' dir='ltr'>utrum</span> <span class='ocrx_word' id='word_1_148' title='bbox 1208 3029 1339 3121; x_wconf 89' lang='lat' dir='ltr'>aliquid</span> <span class='ocrx_word' id='word_1_149' title='bbox 1363 3031 1472 3100; x_wconf 87' lang='lat' dir='ltr'>inter-</span> 
     </span>
     <span class='ocr_line' id='line_1_22' title="bbox 428 3141 1472 3236; baseline 0.002 -26"><span class='ocrx_word' id='word_1_150' title='bbox 428 3151 540 3213; x_wconf 84' lang='lat' dir='ltr'>esset:</span> <span class='ocrx_word' id='word_1_151' title='bbox 569 3141 646 3230; x_wconf 75' lang='lat' dir='ltr'>Qaa</span> <span class='ocrx_word' id='word_1_152' title='bbox 680 3143 719 3211; x_wconf 89' lang='lat' dir='ltr'>in</span> <span class='ocrx_word' id='word_1_153' title='bbox 750 3152 858 3236; x_wconf 88' lang='lat' dir='ltr'>parte,</span> <span class='ocrx_word' id='word_1_154' title='bbox 889 3144 1016 3234; x_wconf 91' lang='lat' dir='ltr'>inquit,</span> <span class='ocrx_word' id='word_1_155' title='bbox 1045 3144 1176 3213; x_wconf 86' lang='lat' dir='ltr'>nemini</span> <span class='ocrx_word' id='word_1_156' title='bbox 1209 3142 1411 3214; x_wconf 78' lang='lat' dir='ltr'>oerenendia</span> <span class='ocrx_word' id='word_1_157' title='bbox 1441 3152 1472 3213; x_wconf 90' lang='lat' dir='ltr'>et</span> 
     </span>
     <span class='ocr_line' id='line_1_23' title="bbox 428 3257 1472 3353; baseline 0.001 -26"><span class='ocrx_word' id='word_1_158' title='bbox 428 3258 593 3327; x_wconf 80' lang='lat' dir='ltr'>modestia</span> <span class='ocrx_word' id='word_1_159' title='bbox 622 3267 739 3328; x_wconf 87' lang='lat' dir='ltr'>nostra</span> <span class='ocrx_word' id='word_1_160' title='bbox 764 3257 981 3352; x_wconf 75' lang='lat' dir='ltr'>prejudicat,</span> <span class='ocrx_word' id='word_1_161' title='bbox 1007 3281 1074 3352; x_wconf 85' lang='lat' dir='ltr'>qno</span> <span class='ocrx_word' id='word_1_162' title='bbox 1100 3260 1214 3329; x_wconf 86' lang='lat' dir='ltr'>minas</span> <span class='ocrx_word' id='word_1_163' title='bbox 1241 3259 1472 3353; x_wconf 81' lang='lat' dir='ltr'>unusquisqne</span> 
     </span>
     <span class='ocr_line' id='line_1_24' title="bbox 428 3370 1472 3467; baseline 0.001 -27"><span class='ocrx_word' id='word_1_164' title='bbox 428 3370 520 3464; x_wconf 84' lang='lat' dir='ltr'>qnod</span> <span class='ocrx_word' id='word_1_165' title='bbox 533 3372 709 3465; x_wconf 83' lang='lat' dir='ltr'>potaverit</span> <span class='ocrx_word' id='word_1_166' title='bbox 725 3373 858 3454; x_wconf 87' lang='lat' dir='ltr'>sentiat,</span> <span class='ocrx_word' id='word_1_167' title='bbox 876 3381 908 3442; x_wconf 89' lang='lat' dir='ltr'>et</span> <span class='ocrx_word' id='word_1_168' title='bbox 932 3372 1024 3467; x_wconf 86' lang='lat' dir='ltr'>qnod</span> <span class='ocrx_word' id='word_1_169' title='bbox 1046 3374 1190 3443; x_wconf 82' lang='lat' dir='ltr'>senserit</span> <span class='ocrx_word' id='word_1_170' title='bbox 1203 3372 1332 3467; x_wconf 88' lang='lat' dir='ltr'>faciat.</span> <span class='ocrx_word' id='word_1_171' title='bbox 1384 3371 1472 3456; x_wconf 83' lang='lat' dir='ltr'>Qui-</span> 
     </span>
     <span class='ocr_line' id='line_1_25' title="bbox 427 3487 1470 3581; baseline 0 -24"><span class='ocrx_word' id='word_1_172' title='bbox 427 3487 493 3557; x_wconf 92' lang='lat' dir='ltr'>bus</span> <span class='ocrx_word' id='word_1_173' title='bbox 520 3488 596 3577; x_wconf 89' lang='lat' dir='ltr'>ejus</span> <span class='ocrx_word' id='word_1_174' title='bbox 624 3488 842 3558; x_wconf 88' lang='lat' dir='ltr'>sermonibus</span> <span class='ocrx_word' id='word_1_175' title='bbox 867 3488 950 3557; x_wconf 88' lang='lat' dir='ltr'>satis</span> <span class='ocrx_word' id='word_1_176' title='bbox 975 3498 1129 3580; x_wconf 90' lang='lat' dir='ltr'>apparet,</span> <span class='ocrx_word' id='word_1_177' title='bbox 1154 3488 1215 3558; x_wconf 91' lang='lat' dir='ltr'>illo</span> <span class='ocrx_word' id='word_1_178' title='bbox 1241 3498 1400 3581; x_wconf 89' lang='lat' dir='ltr'>tempore</span> <span class='ocrx_word' id='word_1_179' title='bbox 1425 3487 1470 3557; x_wconf 89' lang='lat' dir='ltr'>ab</span> 
     </span>
     <span class='ocr_line' id='line_1_26' title="bbox 427 3602 1470 3695; baseline 0.001 -24"><span class='ocrx_word' id='word_1_180' title='bbox 427 3602 477 3671; x_wconf 87' lang='lat' dir='ltr'>eis</span> <span class='ocrx_word' id='word_1_181' title='bbox 507 3602 575 3672; x_wconf 86' lang='lat' dir='ltr'>ista</span> <span class='ocrx_word' id='word_1_182' title='bbox 604 3625 679 3673; x_wconf 88' lang='lat' dir='ltr'>esse</span> <span class='ocrx_word' id='word_1_183' title='bbox 710 3611 871 3686; x_wconf 88' lang='lat' dir='ltr'>tractata,</span> <span class='ocrx_word' id='word_1_184' title='bbox 903 3625 973 3695; x_wconf 90' lang='lat' dir='ltr'>quo</span> <span class='ocrx_word' id='word_1_185' title='bbox 1000 3604 1156 3673; x_wconf 89' lang='lat' dir='ltr'>nondum</span> <span class='ocrx_word' id='word_1_186' title='bbox 1188 3604 1365 3674; x_wconf 87' lang='lat' dir='ltr'>declarata</span> <span class='ocrx_word' id='word_1_187' title='bbox 1395 3604 1470 3672; x_wconf 89' lang='lat' dir='ltr'>sine</span> 
     </span>
     <span class='ocr_line' id='line_1_27' title="bbox 426 3702 1470 3811; baseline 0.001 -26"><span class='ocrx_word' id='word_1_188' title='bbox 426 3717 612 3809; x_wconf 84' lang='lat' dir='ltr'>ambagine</span> <span class='ocrx_word' id='word_1_189' title='bbox 646 3716 908 3800; x_wconf 88' lang='lat' dir='ltr'>hauriebantur,</span> <span class='ocrx_word' id='word_1_190' title='bbox 941 3719 1002 3788; x_wconf 90' lang='lat' dir='ltr'>sed</span> <span class='ocrx_word' id='word_1_191' title='bbox 1041 3717 1156 3788; x_wconf 88' lang='lat' dir='ltr'>adbuc</span> <span class='ocrx_word' id='word_1_192' title='bbox 1190 3718 1308 3792; x_wconf 86' lang='lat' dir='ltr'>clausa</span> <span class='ocrx_word' id='word_1_193' title='bbox 1342 3702 1470 3811; x_wconf 76' lang='lat' dir='ltr'>magno</span> 
     </span>
     <span class='ocr_line' id='line_1_28' title="bbox 426 3829 1468 3925; baseline 0.002 -28"><span class='ocrx_word' id='word_1_194' title='bbox 426 3829 608 3899; x_wconf 89' lang='lat' dir='ltr'>molimine</span> <span class='ocrx_word' id='word_1_195' title='bbox 625 3832 884 3921; x_wconf 74' lang='lat' dir='ltr'>quaerebantur.</span> <span class='ocrx_word' id='word_1_196' title='bbox 937 3831 1015 3902; x_wconf 91' lang='lat' dir='ltr'>Nos</span> <span class='ocrx_word' id='word_1_197' title='bbox 1032 3855 1116 3925; x_wconf 83' lang='lat' dir='ltr'>ergo</span> <span class='ocrx_word' id='word_1_198' title='bbox 1134 3833 1211 3923; x_wconf 89' lang='lat' dir='ltr'>jam</span> <span class='ocrx_word' id='word_1_199' title='bbox 1234 3834 1280 3904; x_wconf 89' lang='lat' dir='ltr'>de</span> <span class='ocrx_word' id='word_1_200' title='bbox 1304 3833 1468 3924; x_wconf 88' lang='lat' dir='ltr'>baptismi</span> 
     </span>
     <span class='ocr_line' id='line_1_29' title="bbox 427 3939 1469 4038; baseline 0.004 -27"><span class='ocrx_word' id='word_1_201' title='bbox 427 3942 654 4033; x_wconf 85' lang='lat' dir='ltr'>simplicitate</span> <span class='ocrx_word' id='word_1_202' title='bbox 693 3945 824 4035; x_wconf 87' lang='lat' dir='ltr'>ubique</span> <span class='ocrx_word' id='word_1_203' title='bbox 857 3939 1135 4038; x_wconf 84' lang='lat' dir='ltr'>bagnoscendam</span> <span class='ocrx_word' id='word_1_204' title='bbox 1177 3946 1469 4017; x_wconf 82' lang='lat' dir='ltr'>consuetudinem</span> 
     </span>
    </p>
   </div>
   <div class='ocr_carea' id='block_1_3' title="bbox 700 4087 1195 4150">
    <p class='ocr_par' dir='ltr' id='par_1_3' title="bbox 700 4087 1195 4150">
     <span class='ocr_line' id='line_1_30' title="bbox 700 4087 1195 4150; baseline 0.01 -7"><span class='ocrx_word' id='word_1_205' title='bbox 700 4087 898 4145; x_wconf 82' lang='lat' dir='ltr'>EDITORES</span> <span class='ocrx_word' id='word_1_206' title='bbox 920 4089 1195 4150; x_wconf 82' lang='lat' dir='ltr'><strong>BENEDICTINI.</strong></span> 
     </span>
    </p>
   </div>
   <div class='ocr_carea' id='block_1_4' title="bbox 427 4185 1470 4455">
    <p class='ocr_par' dir='ltr' id='par_1_4' title="bbox 427 4185 1470 4455">
     <span class='ocr_line' id='line_1_31' title="bbox 468 4185 1469 4263; baseline 0.003 -23"><span class='ocrx_word' id='word_1_207' title='bbox 468 4185 530 4241; x_wconf 67' lang='lat'>⁸111</span> <span class='ocrx_word' id='word_1_208' title='bbox 545 4185 637 4250; x_wconf 85' lang='lat' dir='ltr'>editis,</span> <span class='ocrx_word' id='word_1_209' title='bbox 653 4204 704 4241; x_wconf 84' lang='lat' dir='ltr'>noa</span> <span class='ocrx_word' id='word_1_210' title='bbox 712 4193 790 4260; x_wconf 77' lang='lat' dir='ltr'>peta.</span> <span class='ocrx_word' id='word_1_211' title='bbox 825 4185 977 4243; x_wconf 83' lang='lat' dir='ltr'>Reduudat</span> <span class='ocrx_word' id='word_1_212' title='bbox 990 4187 1107 4244; x_wconf 82' lang='lat' dir='ltr'>verbum</span> <span class='ocrx_word' id='word_1_213' title='bbox 1115 4197 1195 4263; x_wconf 83' lang='lat' dir='ltr'>puto,</span> <span class='ocrx_word' id='word_1_214' title='bbox 1211 4208 1264 4245; x_wconf 90' lang='lat' dir='ltr'>nec</span> <span class='ocrx_word' id='word_1_215' title='bbox 1277 4197 1320 4245; x_wconf 87' lang='lat' dir='ltr'>est</span> <span class='ocrx_word' id='word_1_216' title='bbox 1335 4188 1363 4248; x_wconf 91' lang='lat' dir='ltr'>iu</span> <span class='ocrx_word' id='word_1_217' title='bbox 1379 4187 1469 4246; x_wconf 88' lang='lat' dir='ltr'>MSS.</span> 
     </span>
     <span class='ocr_line' id='line_1_32' title="bbox 427 4280 916 4356; baseline 0.006 -20"><span class='ocrx_word' id='word_1_218' title='bbox 427 4280 542 4356; x_wconf 87' lang='lat' dir='ltr'>(Neque</span> <span class='ocrx_word' id='word_1_219' title='bbox 556 4290 635 4338; x_wconf 84' lang='lat' dir='ltr'>extat</span> <span class='ocrx_word' id='word_1_220' title='bbox 648 4282 677 4339; x_wconf 91' lang='lat' dir='ltr'>in</span> <span class='ocrx_word' id='word_1_221' title='bbox 691 4282 761 4338; x_wconf 83' lang='lat' dir='ltr'>meis</span> <span class='ocrx_word' id='word_1_222' title='bbox 775 4281 916 4353; x_wconf 78' lang='lat' dir='ltr'>Mssas.)</span> 
     </span>
     <span class='ocr_line' id='line_1_33' title="bbox 466 4372 1470 4455; baseline 0.001 -22"><span class='ocrx_word' id='word_1_223' title='bbox 466 4372 560 4433; x_wconf 85' lang='lat' dir='ltr'>bAm.</span> <span class='ocrx_word' id='word_1_224' title='bbox 584 4386 614 4435; x_wconf 88' lang='lat' dir='ltr'>et</span> <span class='ocrx_word' id='word_1_225' title='bbox 636 4378 685 4435; x_wconf 89' lang='lat' dir='ltr'>Er.</span> <span class='ocrx_word' id='word_1_226' title='bbox 705 4379 801 4454; x_wconf 76' lang='lat' dir='ltr'>abique</span> <span class='ocrx_word' id='word_1_227' title='bbox 824 4379 861 4435; x_wconf 80' lang='lat' dir='ltr'>ad</span> <span class='ocrx_word' id='word_1_228' title='bbox 883 4380 1082 4453; x_wconf 69' lang='lat' dir='ltr'>waremiam.</span> <span class='ocrx_word' id='word_1_229' title='bbox 1125 4381 1240 4455; x_wconf 80' lang='lat' dir='ltr'>Aliquot</span> <span class='ocrx_word' id='word_1_230' title='bbox 1262 4378 1352 4437; x_wconf 85' lang='lat' dir='ltr'>MSS.</span> <span class='ocrx_word' id='word_1_231' title='bbox 1374 4380 1470 4454; x_wconf 77' lang='lat' dir='ltr'>abique</span> 
     </span>
    </p>
   </div>
   <div class='ocr_carea' id='block_1_5' title="bbox 425 4489 1467 4727">
    <p class='ocr_par' dir='ltr' id='par_1_5' title="bbox 425 4489 1467 4727">
     <span class='ocr_line' id='line_1_34' title="bbox 466 4489 1467 4568; baseline 0.005 -22"><span class='ocrx_word' id='word_1_232' title='bbox 466 4497 473 4519; x_wconf 84' lang='lat'>¹</span> <span class='ocrx_word' id='word_1_233' title='bbox 492 4489 610 4561; x_wconf 76' lang='lat' dir='ltr'>[scribit</span> <span class='ocrx_word' id='word_1_234' title='bbox 623 4510 675 4565; x_wconf 90' lang='lat' dir='ltr'>pro</span> <span class='ocrx_word' id='word_1_235' title='bbox 688 4493 801 4566; x_wconf 86' lang='lat' dir='ltr'>scripsit</span> <span class='ocrx_word' id='word_1_236' title='bbox 813 4498 949 4565; x_wconf 75' lang='lat' dir='ltr'>praestant</span> <span class='ocrx_word' id='word_1_237' title='bbox 963 4491 1019 4548; x_wconf 87' lang='lat' dir='ltr'>(luo</span> <span class='ocrx_word' id='word_1_238' title='bbox 1034 4493 1225 4549; x_wconf 81' lang='lat' dir='ltr'>vetustissima</span> <span class='ocrx_word' id='word_1_239' title='bbox 1237 4513 1325 4568; x_wconf 84' lang='lat' dir='ltr'>penes</span> <span class='ocrx_word' id='word_1_240' title='bbox 1339 4513 1384 4551; x_wconf 89' lang='lat' dir='ltr'>me</span> <span class='ocrx_word' id='word_1_241' title='bbox 1399 4511 1467 4567; x_wconf 89' lang='lat' dir='ltr'>ope·</span> 
     </span>
     <span class='ocr_line' id='line_1_35' title="bbox 425 4581 845 4660; baseline 0.017 -24"><span class='ocrx_word' id='word_1_242' title='bbox 425 4581 464 4636; x_wconf 87' lang='lat' dir='ltr'>ris</span> <span class='ocrx_word' id='word_1_243' title='bbox 478 4583 676 4657; x_wconf 70' lang='lat' dir='ltr'>augustiniani</span> <span class='ocrx_word' id='word_1_244' title='bbox 690 4586 845 4660; x_wconf 78' lang='lat' dir='ltr'>exempla]</span> 
     </span>
     <span class='ocr_line' id='line_1_36' title="bbox 895 4679 981 4727; baseline 0.035 -3"><span class='ocrx_word' id='word_1_245' title='bbox 895 4682 947 4726; x_wconf 69' lang='grc' dir='ltr'>ΕΘ</span> <span class='ocrx_word' id='word_1_246' title='bbox 963 4679 981 4727; x_wconf 77' lang='lat'>2</span> 
     </span>
    </p>
   </div>
   <div class='ocr_carea' id='block_1_6' title="bbox 0 0 1914 5692">
    <p class='ocr_par' dir='ltr' id='par_1_6' title="bbox 0 0 1914 5692">
     <span class='ocr_line' id='line_1_37' title="bbox 0 0 1914 5692; baseline 0 0"><span class='ocrx_word' id='word_1_247' title='bbox 0 0 1914 5692; x_wconf 95' lang='lat' dir='ltr'> </span> 
     </span>
    </p>
   </div>
  </div>
 </body>
</html>
