3817 5692
517 707 580 768 150
746 703 998 766 ARCHELAI
1025 703 1088 764 ET
1113 702 1333 764 MANETIS

515 889 646 960 autem,
666 879 710 947 de
728 900 798 968 quo
822 878 981 957 dicimus,
1006 876 1160 945 breviter
1185 898 1371 966 exponam.
1425 873 1563 945 ¹Homo

516 999 657 1090 quidam
677 1007 753 1066 erat
771 997 877 1076 dives,
895 996 1079 1087 gentiliter
1091 997 1219 1075 vivens,
1239 996 1272 1062 in
1292 994 1406 1063 multa
1423 993 1565 1063 luxuria

515 1113 673 1204 quotidie
691 1113 842 1205 degeus3
867 1111 957 1180 alius
975 1133 1057 1178 vero
1075 1133 1207 1201 pauper
1224 1118 1299 1179 erat
1318 1111 1452 1178 vicinus
1475 1110 1564 1200 ejus,

514 1232 574 1321 qui
604 1251 650 1297 ne
676 1228 920 1318 quotidianum
950 1227 1093 1317 quidem
1124 1226 1242 1295 eibum
1274 1223 1440 1316 hpoterat
1467 1226 1564 1294 inve-

514 1347 600 1414 nire.
653 1343 798 1413 Accidit
823 1351 1002 1433 utrunque
1029 1343 1101 1411 vita
1124 1338 1315 1422 discedere,
1334 1351 1371 1409 et
1393 1342 1429 1409 in
1457 1340 1565 1409 infer·

513 1483 599 1529 num
630 1459 852 1540 descendere,
880 1469 917 1527 et
947 1479 1137 1549 pauperem
1166 1457 1262 1524 mitti
1290 1457 1327 1524 in
1358 1455 1475 1525 locum
1509 1477 1563 1523 re-

514 1576 618 1666 quiei,
637 1573 834 1663 etreliqua,
853 1596 933 1663 quae
952 1573 1054 1641 nosti.
1094 1571 1339 1641 Veruntamen
1356 1581 1457 1641 erant
1474 1571 1563 1639 divi-

513 1691 560 1759 tis
586 1690 710 1759 fratres
733 1689 899 1779 quinque,
926 1682 983 1756 iea
1000 1710 1076 1777 quae
1102 1688 1238 1780 etipse
1262 1696 1383 1779 egerat
1405 1696 1561 1779 agentes,

514 1808 588 1875 sine
605 1805 713 1874 dubio
731 1827 808 1894 quae
822 1804 918 1873 domi
935 1827 957 1873 a
975 1802 1037 1872 tali
1055 1804 1224 1895 magistro
1238 1803 1451 1872 didicissent.
1489 1802 1563 1872 Ro·

512 1921 609 2012 gavit
635 1919 732 1988 dives
758 1917 862 1986 simul
889 1939 960 1985 uno
987 1926 1156 2007 tempore,
1186 1926 1226 1985 ut
1253 1917 1426 1986 edisceret
1452 1919 1565 2009 majo-

512 2058 588 2104 rem
600 2035 794 2103 doctrinam
810 2056 819 2114 ;
837 2030 1021 2101 Abraham
1036 2054 1119 2100 vero
1132 2033 1253 2113 sciens,
1268 2034 1434 2123 quoniam
1445 2032 1561 2102 adhuc

512 2148 673 2239 indigent
697 2146 900 2238 pedagoge,
923 2147 974 2214 ait
1000 2147 1042 2227 ei,
1070 2146 1202 2215 habent
1229 2145 1392 2237 Moysen,
1411 2155 1448 2215 et
1475 2145 1562 2214 Pro-

512 2261 647 2354 phetas.
677 2261 717 2331 Si
735 2262 828 2331 euim
848 2261 926 2332 illos
943 2286 1014 2331 non
1032 2264 1260 2354 susceperint,
1279 2272 1320 2331 ut
1336 2262 1381 2331 ab
1399 2285 1442 2331 eo
1460 2262 1560 2332 velut

510 2378 701 2470 paedagogo
729 2378 980 2470 gubernentur,
1011 2402 1081 2447 non
1111 2389 1281 2470 poterunt
1316 2378 1456 2469 majoris
1485 2401 1561 2447 ma-

511 2493 611 2584 gistri
629 2514 754 2583 capere
772 2494 980 2563 doctrinam.

562 2605 687 2675 XLII.
714 2606 784 2676 Sed
806 2610 907 2679 etde
930 2608 1008 2678 aliis
1033 2609 1261 2687 sermonibus,
1280 2618 1322 2677 ut
1344 2618 1477 2700 potero,
1496 2632 1561 2678 ex-

512 2742 650 2811 ponam,
669 2722 704 2791 id
723 2731 786 2802 est,
804 2725 898 2813 quod
916 2746 988 2792 non
1006 2726 1179 2793 contraria
1198 2723 1316 2815 Moysi
1344 2723 1482 2792 locutus
1505 2735 1562 2794 est

512 2833 626 2916 Jesus‚
657 2833 741 2907 ¹‘aut
776 2838 871 2907 fecit.
925 2838 1085 2907 Primum
1116 2841 1210 2930 quod
1241 2841 1292 2908 ait
1319 2838 1461 2908 oculum
1496 2862 1560 2930 pro

512 2952 624 3034 oculo,
644 2956 787 3023 dentem
805 2978 869 3046 pro
887 2956 1003 3034 dente,
1022 2949 1106 3025 lhoc
1122 2958 1260 3047 justum
1278 2965 1353 3037 est;
1381 2957 1474 3047 quod
1498 2979 1562 3025 au-

512 3079 586 3136 tem
621 3092 748 3139 caesum
784 3080 951 3161 praestare
979 3072 1085 3162 jubet
1119 3081 1157 3142 et
1187 3071 1334 3142 alteram
1367 3070 1559 3150 maxillam,

513 3184 609 3253 mhoc
640 3184 779 3255 bonitas
809 3195 873 3256 est.
927 3185 1099 3276 Nunquid
1124 3187 1266 3277 justitia
1295 3186 1446 3255 bonitati
1476 3207 1561 3253 con-

512 3301 617 3368 traria
647 3301 724 3370 est?
750 3300 877 3384 Absit;
905 3302 1083 3392 profectus
1112 3311 1233 3371 autem
1264 3311 1318 3370 est
1349 3301 1394 3370 de
1418 3300 1562 3391 justitia

511 3414 554 3481 ad
575 3413 780 3485 bonitatem.
820 3414 870 3485 Et
888 3440 1016 3499 rursus,
1035 3415 1191 3513 'Dipnus
1209 3425 1257 3486 est
1273 3414 1453 3509 operarius
1471 3436 1561 3483 mer-

512 3526 589 3596 cede
621 3552 694 3597 cna.
747 3530 853 3613 Quod
881 3531 909 3600 si
941 3530 1095 3601 voluerit
1128 3533 1207 3622 quis
1238 3531 1397 3600 fraudem
1433 3529 1558 3607 facere,

553 3771 567 3813 ¹¹
583 3773 682 3831 Codex
697 3776 855 3844 Bobiensis,
866 3786 967 3852 potest,
982 3780 1057 3835 mala
1070 3778 1164 3835 lectio.

552 3868 559 3910 ¹
582 3870 681 3928 Codex
702 3873 860 3938 Bobiensis‚
875 3884 902 3931 et
920 3894 951 3931 ea
973 3895 1032 3950 quc
1050 3880 1108 3950 ipse
1122 3883 1244 3951 gesserat
1264 3883 1382 3947 agentes.
1419 3874 1456 3930 Et
1475 3873 1558 3937 infra,

510 3986 562 4023 uno
575 3976 692 4042 tempore
705 3971 808 4026 duem
818 3974 945 4044 majorem
960 3974 1110 4029 doctrinam
1124 3974 1158 4028 ab
1168 3972 1313 4028 Abraham.
1336 3971 1474 4028 Abrohom
1486 3990 1559 4028 vm,

513 4065 590 4137 (For.
607 4084 673 4121 mox
687 4066 800 4141 legend.
815 4070 986 4139 εάίεσενειιτ.)

552 4158 566 4200 ¹¹
583 4161 661 4218 Male
677 4162 848 4229 Casinensis,
864 4167 1040 4239 outemferit.
1073 4168 1111 4224 At
1121 4167 1150 4223 in
1165 4165 1300 4222 Bobiensi
1314 4165 1410 4221 codice
1425 4164 1560 4238 sequitur,

512 4257 636 4313 Primum
650 4260 762 4332 quidem,
778 4264 850 4336 quod
863 4264 912 4319 uit.

551 4352 559 4394 ¹
575 4354 674 4411 Codex
689 4357 849 4421 Bobiensis,
865 4361 892 4415 iu
904 4361 963 4416 doc.

552 4462 576 4491 ¹¹²
598 4452 631 4508 In
647 4453 780 4510 Bobiensi
796 4457 892 4513 codice
906 4457 952 4514 hic
972 4458 1053 4532 plura
1067 4458 1152 4515 verba
1167 4458 1287 4520 desunt;
1311 4455 1396 4511 habet
1410 4456 1495 4520 enim,
1512 4455 1561 4512 doc

512 4547 616 4604 bonitas
631 4558 679 4605 est.
704 4551 792 4607 Absit.

715 4707 801 4764 'Luc
817 4710 874 4765 xvi.
892 4729 935 4785 ¹9·
1154 4719 1162 4741 ¹
1177 4713 1251 4769 Mat.
1264 4732 1293 4769 x.
1307 4731 1353 4768 10.
