3817 5692
804 701 1110 764 nrsru'rnrro.
1414 707 1477 773 no

431 873 540 943 raiem
571 869 730 966 bpatrem
763 898 824 965 pro
855 885 1016 965 respectu
1050 874 1277 945 hereditatis?
1302 874 1360 945 Ita
1390 878 1476 946 mibi

430 989 701 1082 intelligendum
721 999 785 1070 est,
804 991 1030 1083 magnificum
1045 990 1113 1058 Dei
1133 989 1305 1058 famulum
1323 989 1475 1084 Moysen

431 1105 629 1174 cinvenisse
648 1106 816 1197 populum
835 1105 1007 1175 afflictum
1029 1106 1074 1175 ab
1091 1104 1279 1197 AEgyptiis,
1297 1130 1401 1196 quern
1425 1132 1478 1178 as·

429 1231 609 1311 sumptum
629 1221 809 1290 nutriebat
826 1223 862 1289 iu
881 1223 1020 1291 deserto
1038 1218 1228 1313 ‘¹tanquam
1245 1232 1354 1312 pater,
1373 1224 1478 1294 dooe-

429 1333 491 1403 bat
509 1344 549 1404 ut
566 1338 746 1428 magister,
764 1336 910 1427 regebat
927 1345 968 1404 ut
986 1345 1111 1406 rector.
1163 1334 1393 1406 Conservavit
1416 1362 1477 1430 po-

429 1448 563 1541 pulum,
582 1474 763 1542 usquequo
782 1452 917 1519 veniret
935 1453 1034 1543 cujus
1060 1461 1133 1532 est;
1161 1461 1198 1520 et
1220 1462 1299 1542 post
1320 1452 1477 1544 aliquan-

430 1574 506 1633 tum
530 1574 671 1657 tempus
696 1567 884 1635 adveniens
911 1576 1012 1657 pater
1040 1588 1121 1635 oves
1151 1568 1293 1657 recepit.
1347 1569 1477 1641 Nonne

429 1701 492 1769 per
521 1681 640 1748 omnia
667 1680 896 1749 honorabitur
921 1680 1063 1770 quidem
1094 1681 1138 1750 ab
1164 1703 1217 1761 eo,
1244 1683 1300 1750 eui
1332 1684 1477 1753 tradidit

428 1817 595 1886 gregem
619 1794 828 1888 gloriabitur
844 1817 926 1863 vero
944 1795 989 1865 ab
1006 1797 1059 1876 iis,
1077 1797 1137 1885 qui
1156 1796 1201 1865 ab
1219 1819 1262 1866 eo
1279 1798 1474 1866 conservati

429 1909 535 1978 sunt?
560 1911 648 1992 Quis
673 1910 782 2002 igitur
807 1911 858 1978 ita
880 1912 1010 1979 mentis
1033 1912 1162 1980 insauae
1185 1923 1249 1992 est,
1271 1936 1292 1980 o
1319 1912 1473 1983 dilectis·

356 2089 360 2098 .
429 2027 517 2094 sime
535 2025 701 2108 Diodoro,
721 2035 762 2094 ut
779 2024 913 2095 alienos
932 2049 954 2096 a
971 2049 1009 2096 se
1032 2027 1127 2096 dicat
1144 2050 1214 2108 eos,
1233 2028 1293 2118 qui
1321 2030 1413 2097 iuter
1435 2051 1473 2098 se

428 2142 607 2232 conjuncti
643 2151 736 2222 suut,
765 2141 825 2230 qui
856 2163 918 2232 pro
949 2163 987 2210 se
1021 2141 1172 2212 invicem
1207 2142 1472 2233 prophetarunt,

428 2259 507 2348 equi
532 2257 687 2348 aequalia,
706 2266 744 2326 et
761 2257 826 2327 sibi
854 2256 992 2340 similia,
1009 2266 1117 2348 atque
1143 2267 1305 2350 cognata,
1324 2260 1395 2328 imo
1412 2284 1474 2351 po·

428 2376 499 2443 tius
523 2396 692 2466 gennana
714 2375 824 2465 signa,
841 2396 882 2442 ao
908 2373 1065 2465 prodigia
1090 2374 1397 2445 demonstrarunt?
1426 2377 1474 2445 Et

428 2489 541 2579 primo
559 2489 702 2578 quidem
726 2487 870 2579 Moyses
895 2488 940 2557 ad
968 2487 1136 2578 populum
1162 2488 1272 2558 dixit:
1301 2486 1474 2582 'Propi-a-

429 2613 496 2674 tam
523 2603 615 2675 vobis
640 2602 816 2673 suscitabit
840 2602 1015 2673 Dominus
1037 2600 1134 2672 Deus
1157 2611 1272 2672 noster
1293 2603 1382 2673 siant
1411 2629 1474 2674 ma.

428 2720 533 2791 Jesus
556 2722 684 2791 deinde
708 2722 771 2803 ait,
791 2721 850 2789 ²de
876 2742 935 2788 me
958 2716 1054 2787 enirn
1073 2718 1218 2810 Moyses
1244 2717 1384 2789 loeutus
1408 2731 1473 2791 est.

428 2833 558 2908 fVides
593 2838 770 2928 quomodo
809 2838 972 2905 dexteras
1015 2836 1080 2905 sibi
1123 2836 1274 2910 invicem
1319 2838 1474 2920 tradunt,

428 2955 609 3043 squamvis
631 2952 722 3022 alter
747 2952 930 3043 propheta,
947 2950 1056 3020 ³aiter
1073 2973 1156 3019 vero
1175 2950 1285 3020 Filius
1305 2952 1351 3021 sit
1369 2952 1476 3023 dilee-

429 3077 506 3150 tus3
529 3069 620 3138 alter
636 3069 749 3138 fidelis
767 3067 931 3150 famulus,
948 3067 1040 3136 alter
1057 3089 1139 3136 vero
1158 3066 1335 3137 Dominus
1351 3091 1475 3161 agnos·

428 3196 537 3255 catur.
590 3186 661 3255 Sed
680 3195 717 3254 et
735 3184 923 3275 quondam,
941 3183 1063 3253 volens
1080 3183 1158 3272 quis
1179 3183 1254 3252 siue
1281 3183 1475 3278 paedagogo

429 3302 478 3370 ire
496 3301 539 3369 ad
557 3300 704 3379 scholas,
722 3323 792 3369 non
810 3300 1001 3390 suscipitur
1016 3322 1038 3367 a
1053 3299 1223 3391 magistro
1237 3298 1389 3381 dicente,
1403 3323 1474 3369 non

427 3439 509 3486 eum
524 3415 720 3507 suscipiam,
739 3416 805 3484 nisi
822 3417 998 3506 acceperit
1021 3415 1261 3506 paedagogum.
1313 3413 1403 3497 Quis
1428 3417 1475 3486 sit

468 3585 484 3629 b
505 3588 604 3645 Codex
625 3588 783 3652 Bobiensis,
800 3597 907 3663 patrem
924 3595 1080 3662 prospectu.
1119 3587 1157 3643 Et
1178 3607 1254 3652 mox,
1270 3587 1334 3643 mibi
1355 3588 1475 3663 inteliiye

427 3688 606 3761 maqnifioam.

468 3797 482 3826 ι·
497 3784 575 3840 Male
590 3784 762 3850 casinensis,
777 3784 888 3839 amisse.

468 3879 483 3925 ‘¹
506 3882 655 3938 Bobiensis
676 3881 770 3944 habet,
787 3890 913 3955 tanquam
931 3889 1013 3954 pater
1026 3879 1165 3936 educabat.
1202 3879 1240 3935 Ut
1254 3880 1383 3953 maai-ster
1397 3900 1472 3955 reye-

427 3981 472 4036 da!
493 3990 519 4036 et
540 3979 712 4035 conservabat
730 3978 861 4054 papulam
882 3983 926 4039 dra.
964 3978 1003 4033 Et
1022 3996 1080 4033 cam
1096 3986 1159 4052 past
1184 3976 1351 4050 aliquantam
1371 3984 1474 4051 tempus

427 4080 568 4135 adr’eaiens
578 4085 660 4152 pater
670 4079 799 4151 proprias
813 4094 874 4131 oves
889 4075 999 4147 recepit.
1039 4073 1116 4143 (For.
1128 4073 1257 4147 proprias
1271 4072 1472 4146 recipiendum.

429 4177 465 4233 Et
482 4184 581 4250 pastor
594 4192 646 4248 pro
659 4181 740 4249 pater
754 4172 838 4229 velim
857 4172 963 4244 legere,
979 4188 1043 4226 curn
1058 4170 1197 4227 excidisse
1212 4170 1305 4243 aliqua
1320 4179 1384 4244 post
1398 4172 1475 4243 cujas

427 4283 468 4330 est
485 4271 658 4337 videantur.)

469 4387 482 4415 ⁰
504 4371 602 4428 Codex
626 4370 698 4426 Bob.
714 4371 759 4443 qai
780 4368 902 4442 aqualia,
917 4376 996 4442 atque
1017 4374 1139 4440 coartata.
1176 4365 1258 4428 Mox,
1274 4364 1310 4419 ad
1326 4365 1474 4439 papulam,-

428 4470 601 4545 Prophetam.

467 4566 570 4623 fMale
585 4563 748 4620 Casineusis
761 4564 861 4625 codex,
880 4561 964 4617 Unde.
1046 4569 1063 4613 Ε
1078 4559 1155 4614 Male
1171 4556 1342 4620 casinensis,
1358 4576 1445 4630 qnam.

469 4720 475 4742 ¹
492 4714 576 4770 Dent.
593 4710 668 4767 xviii.
682 4709 727 4767 18.
839 4713 847 4737 ¹
862 4708 945 4764 Joon.
962 4727 988 4761 v.
1004 4705 1053 4777 46.
1162 4711 1171 4739 ³
1190 4702 1277 4776 [Heb.
1293 4701 1329 4758 iii.
1346 4717 1374 4776 5,
1388 4702 1430 4776 6.]
