3817 5692
743 701 1050 765 DISPUTATIO.
1356 704 1416 767 181

376 897 469 956 vero,
491 874 550 965 qui
577 873 716 954 dicitur,
740 874 829 944 siout
852 872 1013 953 columba,
1040 873 1212 967 Spiritum
1237 874 1418 956 Sanctum,

375 987 471 1058 salva
491 996 545 1058 est
568 987 669 1056 nobis
692 988 782 1057 ratio
799 989 835 1056 in
861 997 1021 1078 utraque.
1073 986 1225 1079 Spiritus
1249 989 1345 1058 euim
1367 1012 1421 1059 se-

374 1101 530 1170 eundum
554 1109 686 1170 rectam
710 1102 883 1170 rationem
906 1101 1044 1171 habitat
1071 1101 1286 1182 innomine,
1304 1111 1342 1172 et
1360 1104 1422 1173 de·

267 1252 269 1256 v
370 1215 520 1296 -soendit,
538 1224 577 1285 et
599 1225 792 1306 permanet,
811 1225 849 1284 et
870 1223 1114 1307 competenter
1136 1215 1204 1285 hoc
1226 1225 1263 1286 et
1286 1217 1420 1287 fautum

374 1340 439 1411 est,
457 1337 495 1398 et
511 1330 553 1397 fit
570 1351 718 1421 semper,
737 1331 831 1399 siout
847 1338 887 1399 tu
906 1337 942 1399 te
960 1330 1075 1421 ipsum
1093 1338 1177 1399 ante
1195 1329 1261 1399 hoe
1278 1339 1420 1422 tempus

373 1443 592 1535 profitebaris
621 1466 697 1513 esse
726 1441 943 1514 Paraolitum
971 1444 1051 1526 Dei,
1079 1454 1120 1513 ut
1147 1445 1283 1514 *dicam
1317 1444 1418 1524 silex,

373 1580 444 1626 non
468 1557 585 1638 homo,
604 1559 664 1648 qui
691 1557 893 1649 frequenter
912 1557 1127 1628 oblivisceris
1152 1582 1195 1628 ea
1220 1581 1297 1650 quae
1320 1560 1417 1630 dieis.

374 1672 545 1763 Spiritum
563 1673 658 1742 enim
673 1674 808 1743 venisse
831 1681 990 1764 superte
1007 1672 1138 1755 dixisti,
1156 1695 1262 1765 quem
1290 1676 1419 1765 promi·

374 1795 467 1855 serat
496 1785 601 1855 Jesus
627 1807 703 1855 esse
733 1786 942 1863 missurum3
977 1792 1014 1853 et
1041 1784 1135 1854 unde
1156 1784 1230 1853 ‘nisi
1260 1784 1304 1854 de
1331 1785 1417 1856 eaelo

374 1899 587 1970 descendat?
614 1899 708 1969 Etsi
726 1899 908 1969 deseendit
931 1897 1084 1990 Spiritus
1110 1921 1214 1990 super
1236 1898 1417 1971 hominem

373 2014 519 2107 dignum
546 2036 593 2094 se,
611 2036 715 2105 super
740 2022 777 2083 te
803 2022 924 2083 autern
949 2035 1047 2083 veras
1069 2012 1251 2083 columbas
1275 2015 1418 2085 deseen-

374 2129 464 2198 disse
481 2128 704 2198 sentiendum
723 2126 801 2198 est?
828 2137 869 2196 ut
890 2136 928 2197 te
951 2126 1205 2196 columbarium
1223 2128 1342 2219 potius
1363 2129 1418 2198 fu·

373 2265 447 2311 rem
471 2244 693 2335 accipiamus,
711 2243 853 2313 insidias
878 2242 928 2311 eis
953 2264 994 2311 ao
1021 2241 1164 2333 laqueos
1188 2242 1415 2327 molientem3

374 2357 500 2449 dignus
530 2358 625 2426 enim
655 2380 702 2438 es,
731 2358 791 2448 qui
821 2357 935 2427 verbis
965 2357 1120 2427 ridiculis
1147 2356 1324 2441 illudaris;
1349 2381 1416 2452 ego

371 2482 491 2541 tamen
513 2495 627 2565 parco,
645 2494 691 2541 ne
717 2472 894 2541 auditores
918 2472 1038 2542 videar
1062 2471 1239 2543 offendere
1264 2472 1339 2543 haee
1364 2475 1417 2544 di·

371 2610 464 2667 eens,
483 2596 520 2657 et
545 2588 700 2656 maxime
724 2588 806 2678 quia
831 2594 961 2677 praeter
984 2587 1201 2678 propositum
1229 2610 1361 2670 meum,
1378 2589 1416 2658 in

371 2711 409 2772 te
434 2704 603 2795 ingerere,
628 2724 705 2792 quas
731 2702 896 2771 merearis
921 2701 1054 2771 audire.
1106 2700 1177 2772 Sed
1204 2704 1345 2772 redeam
1370 2705 1416 2774 ad
1534 2731 1537 2737 ·

370 2840 456 2886 rem.
510 2815 654 2886 Memor
678 2838 756 2885 sum
774 2816 867 2885 enim
888 2817 1204 2888 transformationis
1228 2824 1325 2899 ¹suae‚
1347 2841 1417 2910 qua

371 2925 467 3013 dieis,
485 2932 568 3023 quia
583 2930 682 2999 Deus
700 2929 999 3001 transformaverit
1024 2953 1061 3001 se
1087 2931 1124 2999 in
1150 2931 1340 3012 hominem,
1359 2932 1414 3002 vei

371 3046 406 3114 in
433 3044 553 3125 solem,
580 3068 626 3115 ex
652 3044 720 3115 hoe
747 3044 867 3115 volens
892 3046 1078 3116 ostendere
1103 3044 1229 3115 Jesum
1255 3054 1415 3115 nostnrm

371 3162 495 3232 habitu
512 3160 596 3239 solo,
615 3170 652 3229 et
670 3162 746 3230 visu
771 3161 904 3230 factum
924 3183 1001 3230 esse
1026 3160 1217 3240 hominem,
1236 3161 1329 3252 quod
1355 3160 1417 3229 ab·

371 3278 417 3348 sit
446 3278 491 3348 ab
521 3299 732 3367 unoquoque
766 3276 924 3347 fidelium
959 3277 1086 3345 dicere.
1140 3276 1227 3345 Hae
1261 3274 1415 3365 alioquin

371 3393 563 3463 secundum
583 3402 619 3461 te
636 3392 680 3461 ad
702 3392 876 3460 somnium
901 3390 1002 3460 nobis
1028 3390 1173 3460 redeant
1190 3389 1361 3470 universa,
1380 3396 1417 3459 et

371 3509 518 3600 figurem
545 3530 616 3576 non
641 3506 755 3576 solum
781 3515 911 3588 autern,
930 3507 991 3576 sed
1016 3505 1189 3576 adventus
1206 3526 1337 3575 nornen
1357 3505 1417 3574 de-

372 3622 523 3705 lebitur;
550 3631 689 3713 poterat
719 3622 814 3690 enim
844 3622 880 3690 in
911 3621 1000 3691 caeio
1030 3622 1165 3713 positus
1194 3620 1310 3690 faeere
1337 3642 1417 3711 quae

371 3736 543 3818 voluerat,
574 3736 603 3805 si
633 3735 805 3827 Spiritum
834 3758 916 3804 eum
946 3757 1032 3815 esse,
1059 3745 1097 3804 et
1124 3757 1195 3804 non
1224 3735 1418 3815 hominem,

372 3853 477 3922 dices.
529 3849 601 3919 Sed
627 3872 698 3919 non
724 3851 774 3919 ita
795 3860 860 3931 est,
879 3852 1045 3941 quoniam
1064 3849 1275 3920 'erinunivit
1299 3857 1418 3919 semet-

372 3964 482 4056 ipsum
498 3961 656 4057 sormam
682 3963 773 4033 servi
797 3964 978 4057 dompierre.
1031 3963 1122 4035 Dico
1147 3974 1268 4034 autem
1295 3964 1339 4033 de
1363 3986 1417 4039 eo,

372 4079 432 4170 qui
462 4102 506 4148 ex
537 4077 653 4147 Maria
679 4078 793 4147 faetus
821 4086 875 4148 est
902 4077 1019 4148 homo.
1071 4078 1166 4162 Quid
1197 4078 1319 4148 enimi
1346 4100 1417 4148 non

413 4312 428 4342 ⁸
449 4303 621 4366 casinensis,
644 4302 782 4359 ardicam
804 4301 889 4358 dilere
907 4321 959 4359 noa
980 4301 1066 4359 homo.
1098 4302 1224 4359 Videant
1241 4302 1361 4365 Eruditi,
1382 4320 1417 4357 su

372 4406 448 4453 recte
461 4400 641 4456 emendatum
656 4399 702 4455 sit.
741 4399 851 4471 (Potius
871 4398 1065 4473 reponendum
1077 4416 1139 4455 esse
1154 4398 1247 4463 delire,
1263 4397 1418 4455 ostendunt

373 4494 456 4549 etiam
471 4495 556 4551 verba
570 4496 625 4551 fine
637 4514 697 4569 cap.
710 4514 756 4551 xv.
771 4515 800 4568 p.
814 4495 875 4565 80)

616 4622 623 4645 ¹
641 4616 719 4689 [For.
734 4620 804 4690 tuse]
988 4621 996 4645 ⁸
1012 4615 1083 4670 Phil.
1099 4614 1128 4670 ii.
1147 4630 1174 4689 7.
