3817 5692
641 712 882 776 RESPONSA
909 712 976 773 AD
1000 710 1263 774 EPISCOPOS.
1405 712 1468 775 249

425 893 585 955 mentum
605 906 674 953 nou
692 883 805 954 solum
824 886 881 965 sit,
892 884 952 953 sed
966 885 1075 954 etiam
1092 907 1160 953 non
1180 885 1225 952 sit
1244 883 1351 974 pejus,
1363 903 1467 972 quam

426 1001 462 1067 in
483 999 626 1068 homine
648 1007 770 1069 saneto
791 1008 829 1067 et
848 1000 958 1090 justo.
1011 997 1059 1068 Et
1079 1000 1107 1067 si
1131 998 1224 1068 enim
1243 1007 1413 1087 quantum
1432 997 1469 1065 iu

425 1112 487 1183 illo
513 1113 656 1183 homine
681 1123 746 1194 est,
770 1136 840 1182 non
866 1114 980 1205 ipsum
1012 1113 1173 1193 servavit,
1200 1111 1261 1181 sed
1286 1112 1405 1181 animo
1432 1119 1469 1178 et

428 1226 610 1297 voluntate
637 1226 802 1309 violavit3
829 1238 948 1297 tamen
976 1236 1148 1317 quantum
1173 1226 1217 1296 ad
1246 1227 1360 1316 ipsum
1389 1225 1472 1295 atti-

426 1350 488 1410 net
505 1350 776 1423 sacramentum,
793 1350 830 1409 et
849 1363 931 1410 oum
949 1347 1169 1408 contemtore
1190 1345 1226 1405 et
1247 1337 1470 1429 repudiatore

426 1477 489 1523 suo
506 1456 684 1546 integmm
702 1454 982 1543 inviolatumque
1002 1452 1204 1545 permansit.
1259 1450 1389 1520 Nonne
1406 1450 1472 1521 So-

428 1568 569 1637 domitae
586 1567 717 1637 ethnici
736 1579 847 1649 erant,
865 1567 900 1636 id
924 1575 989 1647 est,
1006 1566 1181 1659 gentiles?
1225 1565 1368 1656 Pejores
1385 1589 1470 1659 ergo

427 1691 528 1750 eraut
543 1680 568 1750 J
570 1681 668 1761 udaei,
686 1681 814 1771 quibus
831 1681 1007 1751 Dominus
1030 1681 1125 1761 dicit,
1148 1678 1378 1750 Tolerabilius
1403 1680 1569 1749 eritne.
1582 1693 1616 1740 xt-

427 1794 648 1864 Sodomam
670 1795 727 1865 <ue
742 1796 868 1886 juuen
886 1818 991 1886 quam
1011 1796 1120 1864 vous.
1174 1794 1221 1863 ut
1239 1794 1366 1885 quibus
1385 1768 1519 1861 ero-²*

428 1906 536 1999 pheta
558 1910 653 1991 dicit,
671 1909 695 1979 J
697 1910 897 1980 ustifioastis
915 1908 1117 1991 Sodomam,
1135 1909 1171 1978 id
1196 1919 1260 1990 est,
1279 1910 1315 1977 in
1332 1928 1618 1998 compa-sucum·

428 2024 563 2093 ratione
592 2034 708 2094 vestra
738 2023 893 2093 Sodoma
915 2024 1016 2114 justa
1042 2022 1137 2093 iacta
1166 2033 1230 2093 est.
1287 2006 1521 2114 Numquid⁵¹'

428 2144 547 2205 tamen
577 2136 658 2207 ideo
693 2146 912 2207 sacramenta
941 2138 1061 2207 divina
1094 2160 1172 2229 quae
1205 2137 1298 2229 apud
1326 2134 1474 2205 Judaeos

427 2260 539 2333 erant,
565 2251 650 2321 talia
678 2262 778 2322 erant
806 2251 927 2343 quales
952 2252 1019 2342 ipsi
1047 2260 1168 2333 erant3
1194 2274 1275 2341 quae
1300 2248 1474 2318 Dominus
1484 2270 1544 2319 mc.
1554 2270 1613 2317 xm.

429 2366 502 2454 ipse
529 2388 670 2456 quoque
696 2368 860 2457 suscepit,
883 2375 920 2435 et
945 2366 990 2435 ad
1017 2389 1060 2436 ea
1084 2365 1295 2436 celebranda
1320 2363 1475 2457 leprosos
1484 2350 1523 2397 ¹*

429 2501 517 2569 quos
542 2479 774 2549 mundaverat
795 2481 901 2561 misit,
926 2490 962 2549 et
989 2502 1032 2550 ea
1053 2479 1235 2551 Zachariae
1261 2479 1622 2549 ministrantinuarm.

430 2591 575 2685 angelus
592 2593 739 2674 adstitit,
757 2616 909 2685 eumque
930 2595 967 2663 in
986 2594 1120 2685 templo
1143 2596 1397 2665 sacrificantem
1415 2577 1523 2663 err-'³'
1690 2581 1693 2587 ¹

429 2709 591 2777 auditum
609 2729 685 2777 esse
702 2708 902 2779 nuntiavit?
940 2708 1032 2777 Haec
1056 2708 1180 2778 eadem
1204 2718 1422 2778 sacramenta
1439 2718 1477 2777 et

430 2823 466 2890 in
485 2823 585 2891 bonis
601 2821 803 2892 hominibus
825 2821 919 2892 illius
936 2823 1105 2914 temporis
1128 2832 1238 2906 erant,
1256 2833 1294 2894 ct
1317 2824 1353 2891 in
1376 2821 1478 2891 malis

432 2937 607 3029 pejoribus
636 2959 743 3027 quam
774 2938 844 3007 sint
873 2935 1031 3019 ethnici;
1057 2938 1342 3030 quandoquidem
1367 2937 1479 3008 Sodo-

432 3052 528 3120 mitis
559 3052 593 3119 in
621 3050 756 3120 malitia
782 3051 918 3142 praelati
950 3061 1052 3120 sunt:
1080 3060 1253 3121 ettamen
1281 3049 1342 3121 illa
1367 3073 1480 3120 sacra·

432 3176 553 3236 menta
570 3176 671 3236 erant
689 3168 722 3235 in
742 3168 900 3259 utrisque
916 3168 1056 3260 integra
1072 3178 1179 3259 atque
1198 3169 1325 3237 divina.

483 3279 580 3350 Nam
598 3291 635 3351 et
653 3282 717 3372 ipsi
734 3282 887 3374 gentiles
907 3284 933 3352 si
953 3282 1037 3373 quid
1056 3281 1211 3351 divinum
1232 3292 1269 3351 et
1286 3291 1422 3352 rectum
1442 3283 1478 3350 in

432 3396 600 3464 doctrinis
625 3396 697 3464 suis
722 3394 852 3465 habere
876 3405 1080 3487 potuerunt,
1098 3420 1170 3465 non
1192 3396 1480 3487 improbavemnt

432 3512 542 3579 sancti
566 3511 686 3590 nostri,
703 3511 862 3601 quamvis
884 3509 935 3579 illi
957 3519 1034 3603 ¹per
1055 3534 1134 3581 suas
1159 3512 1425 3603 superstitiones
1442 3519 1480 3579 et

432 3622 665 3694 idololatriam
684 3634 722 3694 et
738 3626 949 3715 superbiam,
967 3635 1174 3720 ceterosque
1191 3627 1347 3717 perditos
1364 3647 1479 3695 mores

432 3739 630 3808 detestandi
649 3750 777 3822 essent,
793 3750 830 3810 et
848 3742 912 3809 nisi
931 3740 1199 3833 corrigerentur,
1214 3742 1332 3811 divino
1344 3739 1480 3832 judicio

431 3853 612 3944 puniendi.
669 3856 763 3923 Nam
794 3864 831 3923 et
865 3853 994 3923 Paulus
1030 3854 1209 3947 apostolus
1244 3854 1336 3946 apud
1366 3852 1615 3923 Athe-Aetoii·

432 3969 570 4038 nienses
587 3991 666 4037 cum
686 3970 730 4038 de
749 3968 828 4038 Deo
845 3970 1003 4060 quasdam
1022 3971 1165 4051 diceret,
1185 3969 1363 4061 perhibuit
1380 3929 1528 4039 testi-'⁸'

432 4084 591 4152 monium
615 4085 707 4174 quod
731 4083 873 4174 quidam
900 4107 1021 4154 eorum
1047 4084 1118 4154 tale
1144 4083 1277 4177 aliquid
1303 4085 1477 4156 dixerint:

432 4197 526 4286 quod
553 4199 676 4289 utique
701 4199 728 4266 si
756 4198 799 4267 ad
827 4198 1007 4268 Christum
1036 4200 1207 4281 venirent,
1230 4208 1480 4291 agnosceretur

433 4312 468 4379 iu
503 4313 564 4392 eis,
594 4335 665 4381 non
695 4313 965 4404 improbaretur.
1030 4312 1077 4382 Et
1111 4323 1253 4383 sauctus
1283 4313 1479 4405 Cyprianus

433 4424 562 4495 talibus
597 4427 763 4497 adversus
798 4428 939 4497 eosdem
975 4428 1135 4498 ethnicos
1169 4429 1284 4497 utitur
1318 4429 1478 4499 testibus.

798 4616 804 4638 ¹
824 4610 895 4682 [Per
908 4610 984 4666 valet
994 4611 1132 4686 propter]

479 4722 545 4764 voa.
558 4724 585 4765 v.
933 4725 953 4765 κ
969 4703 991 4765 lr
