3817 5692
556 687 621 751 DE
646 686 1029 751 REBAPTISMATE
1053 685 1214 750 LIBER.
1343 685 1409 751 303

362 860 448 931 dnm
465 861 639 933 sincerata
654 883 718 954 per
735 859 910 953 baptisma
922 857 1077 954 Spiritus
1093 859 1206 932 sancti
1219 881 1289 930 non
1304 859 1411 933 dubie

363 1000 439 1048 esse
457 976 608 1048 dimissa.
636 976 717 1047 Nec
734 975 809 1047 ulla
824 983 866 1046 ut
884 976 1058 1068 putealia
1076 998 1122 1046 ex
1139 999 1245 1048 causa
1261 976 1411 1069 apostoli

364 1091 418 1163 bis
440 1114 529 1185 quos
553 1091 591 1163 in
615 1091 750 1185 Spiritu
775 1099 898 1162 sancto
922 1089 1212 1182 adloquebantur,
1238 1113 1412 1185 praecepe-

363 1215 443 1278 rant
471 1215 512 1278 ut
540 1207 576 1278 in
606 1207 750 1278 nomine
775 1205 908 1278 Christi
933 1206 1022 1278 Jesu
1049 1206 1320 1299 baptizarentur,
1344 1208 1411 1279 nisi

364 1322 448 1415 quia
467 1322 578 1393 virtus
603 1322 754 1399 nominis
772 1321 860 1392 Jesu
885 1344 990 1415 super
1015 1345 1275 1415 quemcumque
1299 1323 1413 1394 homi-

364 1460 450 1507 nnm
476 1437 690 1530 baptismate
716 1438 879 1508 invocata
903 1439 948 1509 ad
974 1437 1124 1509 salutem
1150 1439 1410 1531 adsequendam

364 1575 436 1623 non
453 1552 628 1624 modicam
647 1552 913 1646 praerogativam
934 1551 966 1622 ei
990 1553 1050 1644 qui
1073 1554 1312 1646 baptizaretur
1328 1576 1414 1646 prns-

365 1674 458 1738 stare
475 1675 603 1758 posset,
622 1665 725 1735 sicuti
743 1665 872 1736 Petrus
888 1666 926 1736 in
942 1663 1048 1737 Actis
1065 1664 1316 1759 Apostolorum
1335 1691 1414 1739 nar·

365 1789 420 1853 rat
437 1781 569 1863 diosus,
587 1778 660 1852 Nec
680 1779 770 1851 enim
796 1779 896 1852 uliud
915 1789 964 1853 est
986 1803 1108 1853 nornen
1132 1781 1194 1853 rub
1218 1782 1303 1855 ooelo
1323 1782 1575 1877 quadres-12·

366 1895 484 1968 dutum
506 1905 555 1968 eet
573 1893 778 1980 dominibus,
796 1894 835 1967 in
858 1919 925 1991 quo
949 1906 1080 1992 oportet
1104 1895 1213 1969 salros
1228 1898 1316 1993 steri
1340 1922 1412 1969 nor.

367 2012 469 2084 Sicut
487 2014 596 2085 etiarn
613 2010 811 2105 Apostolus
828 2012 962 2084 Paulus
984 2013 1097 2106 aperit
1114 2016 1313 2098 ostendens,
1331 2014 1487 2107 quiarm.
1498 2030 1523 2080 ιι
1535 2044 1560 2094 9,

367 2126 467 2199 Deus
484 2126 659 2199 exaltavit
675 2126 700 2196 J
701 2149 801 2198 esum
817 2127 1014 2198 Dominum
1037 2139 1198 2199 nostrum
1215 2138 1253 2201 et
1270 2131 1415 2201 donavit
1425 2110 1464 2155 '⁰'
1479 2110 1516 2146 ¹⁸⁸

367 2242 420 2313 illi
443 2265 573 2314 nomen
598 2242 641 2314 ad
665 2242 733 2314 hoo
753 2251 795 2314 ut
818 2245 864 2315 sit
889 2265 995 2336 super
1016 2266 1122 2315 omne
1146 2268 1288 2328 nomen,
1314 2252 1352 2316 ut
1377 2244 1416 2315 in

368 2358 506 2430 nomine
526 2356 615 2428 Jesu
640 2380 755 2429 omnes
775 2381 889 2455 portua
917 2368 1056 2430 curvent
1085 2357 1268 2431 coelertim
1293 2368 1325 2431 et
1350 2369 1417 2432 ter-

367 2471 528 2545 restrium
557 2480 588 2542 st
617 2470 847 2567 infernorum,
873 2481 904 2544 et
929 2473 1041 2543 omnis
1068 2472 1187 2571 libyae
1217 2476 1417 2569 confiteatur

368 2588 452 2683 quia
468 2586 643 2659 Dominus
664 2595 715 2658 ert
730 2585 836 2658 Jerur
858 2587 896 2658 in
915 2586 1032 2684 plotio
1048 2587 1194 2660 Patris.-
1223 2599 1262 2661 et
1287 2590 1358 2674 ille,
1378 2592 1417 2661 in

368 2727 451 2796 qno,
472 2725 554 2775 cum
580 2702 830 2795 baptizaretur,
851 2702 1057 2773 invocatum
1083 2713 1176 2775 esset
1194 2704 1247 2774 ¹in
1273 2706 1417 2776 nomine

367 2818 467 2902 Jesu,
494 2817 580 2889 licet
613 2819 649 2888 iu
683 2816 803 2910 aliquo
835 2841 951 2889 errore
981 2829 1266 2910 consequeretur,
1296 2829 1416 2891 tamen

369 2935 580 3025 quandoque
597 2956 668 3004 non
691 2933 937 3026 prohiberetur
960 2943 1096 3005 rectum
1120 2956 1251 3026 sapere,
1270 2945 1308 3006 et
1324 2956 1419 3005 erro·

368 3072 573 3121 remanum
599 3049 784 3143 corrigere,
805 3059 843 3119 et
868 3049 912 3120 ad
939 3049 1124 3121 ecclesiam
1150 3060 1189 3121 et
1213 3050 1258 3120 ad
1284 3050 1418 3142 episeo-

369 3186 454 3257 pum
480 3164 674 3247 reniteat
703 3164 886 3235 sinceriter
914 3165 1073 3235 confiteri
1099 3164 1226 3235 Jesum
1257 3172 1417 3235 nostrum

369 3302 487 3351 coram
505 3279 716 3362 bominibus,
735 3288 776 3350 ut
792 3287 879 3350 tune
897 3302 978 3351 enm
996 3281 1042 3351 ab
1059 3279 1223 3373 episeopo
1241 3278 1274 3350 ei
1293 3300 1417 3351 manus

369 3398 619 3494 imponeretur,
636 3398 745 3469 etiarn
766 3396 940 3492 Spiritum
961 3406 1124 3469 sanctum
1145 3397 1332 3490 acciperet,
1350 3420 1416 3469 nee

368 3515 629 3586 invocationem
655 3512 753 3585 illam
779 3514 963 3607 pristinam
988 3513 1141 3585 nominis
1162 3512 1251 3584 Jesu
1275 3513 1418 3585 amitte·
1551 3498 1554 3504 ¹

368 3640 433 3713 ret,
464 3653 571 3724 quarn
601 3630 735 3701 nemini
764 3641 923 3703 nostrum
955 3629 1041 3703 licet
1072 3630 1258 3701 damnare:
1289 3634 1416 3720 ’quum

369 3747 446 3818 haec
474 3746 569 3818 nuda
598 3756 636 3817 et
663 3745 857 3840 singularis,
883 3747 911 3819 si
937 3747 975 3817 in
999 3768 1116 3817 errore
1141 3744 1188 3815 sit
1213 3744 1417 3826 constituta,

370 3884 442 3931 non
458 3870 578 3953 posset
599 3863 644 3932 ad
670 3861 820 3933 salutem
847 3863 1080 3955 praestandam
1102 3860 1271 3942 sufficere,
1289 3882 1335 3929 ne
1350 3858 1419 3929 lrae

370 3973 506 4046 rationo
522 3973 632 4044 etiam
649 3973 810 4044 ethnicos
826 3982 864 4043 et
880 3972 1064 4044 hoeretioos
1080 3972 1270 4043 abutentes
1287 3990 1418 4040 nomen
1451 4059 1463 4082 '

369 4087 470 4171 Jesu,
487 4089 671 4160 credamus
696 4087 740 4158 ad
763 4085 915 4158 salutem
939 4086 1015 4158 sine
1031 4108 1114 4158 vera
1135 4109 1174 4157 re
1197 4095 1305 4178 atque
1327 4084 1419 4154 inte-

369 4267 519 4332 sinoerum,
533 4267 609 4342 quod
623 4285 724 4341 purum
738 4273 768 4325 et
781 4265 843 4325 sine
857 4284 932 4325 cers.
975 4264 1054 4343 Infra
1067 4264 1153 4335 dicet,
1162 4264 1312 4341 purificato
1326 4262 1418 4320 corde.

372 4362 498 4421 Rruanr.

413 4466 420 4490 ¹
435 4458 465 4517 in
478 4458 593 4517 nomine
606 4459 689 4534 Jesu]
706 4459 773 4518 For.
788 4478 881 4517 nomeu
893 4459 973 4517 lecu.

413 4561 523 4631 'quum
543 4556 606 4614 hsrc
625 4556 716 4630 nuda]
741 4555 852 4631 Reponi
872 4554 920 4615 hia
940 4562 1074 4632 oportere
1090 4569 1247 4631 pompam
1265 4568 1318 4628 pro
1336 4566 1419 4627 quun

372 4652 516 4711 existimo.
