3817 5692
433 698 497 757 228
802 695 834 757 S.
852 694 1124 757 AUGUSTlNl

432 867 493 937 sed
521 877 642 936 tamen
670 868 788 936 omnia
813 867 906 935 bono
933 868 1027 958 pacis
1055 876 1092 937 et
1120 869 1267 938 unitatis
1292 890 1368 939 esse
1393 868 1490 939 tole·

432 983 561 1064 rauda:
588 982 681 1073 quod
712 990 749 1050 et
780 980 831 1050 illi
863 980 1053 1065 faciebant,
1082 984 1142 1074 qui
1173 983 1260 1052 istos
1286 1005 1357 1054 non
1387 992 1490 1053 recte

434 1097 549 1166 facere
583 1096 795 1178 sentiebant,
830 1107 868 1166 ot
901 1095 990 1166 illud
1026 1098 1197 1167 tenebant
1232 1099 1326 1189 quod
1360 1107 1491 1191 postea

433 1211 560 1282 melius
581 1209 759 1281 declarata
776 1211 904 1280 veritas
927 1212 1058 1293 docuit,
1076 1221 1114 1281 et
1139 1212 1316 1304 antiquior
1338 1235 1491 1283 consue-

432 1327 520 1397 tudo
538 1325 687 1396 concilio
711 1325 903 1417 posteriore
926 1326 1068 1396 firmata
1090 1327 1268 1397 robustius
1291 1327 1489 1419 persuasit:

433 1444 584 1512 invicem
608 1465 645 1512 se
664 1452 794 1522 tamen,
811 1463 893 1509 cunr
919 1440 1016 1510 salva
1040 1442 1188 1512 caritate
1215 1442 1350 1513 diversa
1374 1442 1491 1512 senti-

433 1569 522 1639 rent,
541 1557 692 1629 sollicita
716 1558 851 1649 pietate
876 1554 1125 1639 toleraverunt,
1144 1556 1329 1627 studentes
1345 1579 1490 1628 servare

433 1676 607 1745 unitatem
628 1673 771 1765 spiritus
793 1673 830 1742 in
848 1671 990 1741 vinculo
1015 1673 1120 1763 pacis,
1139 1673 1252 1742 donec
1277 1672 1397 1743 alteris
1423 1695 1488 1742 eo·

433 1812 521 1872 rum,
542 1790 577 1859 si
607 1789 691 1881 quid
720 1787 824 1859 aliter
851 1796 1026 1878 saperent,
1052 1786 1087 1855 id
1118 1810 1260 1879 quoque
1290 1787 1359 1857 illis
1384 1783 1490 1858 Deus

433 1904 615 1976 revelaret.
667 1902 748 1974 Hoc
765 1904 824 1973 isti
845 1903 1002 1983 audiant,
1021 1924 1043 1971 a
1068 1901 1196 1993 quibus
1220 1924 1284 1994 per
1307 1902 1375 1973 hoc
1400 1925 1490 1973 con-

433 2020 554 2090 cilium
572 2020 689 2089 unitas
707 2025 940 2111 oppugnatur,
960 2038 1023 2107 per
1046 2017 1140 2110 quod
1166 2018 1354 2088 concilium
1372 2040 1489 2110 quan-

435 2144 512 2205 tum
529 2132 680 2204 amanda
697 2133 743 2203 sit
760 2132 876 2201 unitas
894 2130 1103 2201 declaratur.

485 2248 675 2319 Successus
700 2247 745 2318 ab
762 2246 880 2318 Abbir
897 2245 1169 2317 Germaniciana
1186 2248 1299 2318 dixit:
1326 2246 1488 2320 Hoereti·

434 2366 485 2434 cia
508 2372 568 2434 cut
589 2359 682 2432 nillil
696 2360 783 2444 licet,
801 2370 861 2432 out
878 2370 983 2432 totum
1000 2358 1088 2431 licet.
1139 2360 1185 2433 Si
1203 2373 1349 2456 possunt
1372 2362 1489 2459 bapti·

433 2503 527 2563 zore,
558 2487 702 2574 possunt
728 2486 759 2548 et
785 2476 961 2571 Spiritum
987 2486 1140 2547 sunctum
1171 2478 1277 2550 dore:
1304 2479 1336 2549 si
1369 2489 1487 2551 aarum

433 2593 607 2689 Spiritum
628 2601 781 2664 sanctam
802 2591 887 2662 dare
911 2615 981 2662 oon
1004 2602 1156 2685 possunt,
1175 2593 1258 2687 quic
1275 2618 1344 2665 non
1360 2591 1488 2666 labent

434 2709 608 2804 Spiritum
632 2716 796 2791 sunctum,
823 2731 884 2778 aec
908 2706 1085 2801 baptizare
1104 2707 1310 2803 spirituliter
1327 2719 1486 2805 patant.

435 2823 627 2920 Propterea
643 2847 814 2895 censemus
830 2819 1008 2893 lraereticos
1024 2821 1207 2916 baptizari.

486 2940 584 3011 Huic
605 2962 714 3032 prope
735 2939 884 3008 totidem
902 2938 1017 3008 verbis
1042 2940 1093 3009 ita
1117 2942 1316 3033 responderi
1344 2951 1485 3034 potest:

436 3057 634 3127 Homicidia
659 3065 722 3126 aut
747 3053 835 3124 nihil
861 3053 953 3136 licet
972 3063 1035 3125 aut
1052 3064 1168 3125 totum
1191 3056 1285 3127 licet.
1338 3057 1376 3129 Si
1403 3081 1487 3150 pos-

435 3182 517 3244 sunt
544 3174 733 3265 baptizare,
758 3181 904 3262 possunt
930 3180 969 3239 et
992 3170 1164 3261 Spiritum
1188 3182 1347 3243 sanctum
1375 3174 1484 3245 dare:

434 3288 463 3357 si
490 3298 612 3358 autem
633 3286 805 3379 Spiritum
826 3295 988 3355 sanctum
1015 3285 1097 3355 dare
1123 3309 1193 3355 non
1221 3296 1376 3379 possunt,
1398 3290 1486 3379 quia

388 3493 393 3503 ι
434 3427 505 3473 non
532 3402 664 3474 babent
688 3400 861 3491 Spiritum
883 3408 1055 3482 sanctum,
1073 3424 1139 3471 nec
1161 3402 1340 3493 baptizare
1365 3405 1485 3495 spirit-

434 3518 537 3589 aliter
570 3526 726 3610 possunt.
778 3514 971 3607 Propterea
1003 3538 1187 3586 censemus
1220 3518 1266 3588 ab
1296 3518 1484 3591 homicidis

433 3634 641 3725 baptizatos,
658 3631 715 3701 vel
738 3629 931 3700 homicidas
954 3629 1151 3721 baptizatos
1173 3641 1283 3724 atque
1299 3636 1337 3702 in
1353 3635 1484 3706 melius

434 3771 506 3817 non
522 3755 689 3828 mutatos,
707 3767 788 3814 cum
809 3765 846 3813 se
864 3744 1091 3825 correxerint,
1108 3745 1289 3837 baptizari.
1341 3746 1394 3817 At
1412 3748 1483 3820 hoc

272 3895 281 3928 ι
376 3881 506 3932 ,arnon
523 3871 577 3932 est
595 3882 728 3930 verum.
780 3858 851 3941 Qui
869 3859 962 3926 enim
982 3858 1058 3926 odit
1074 3858 1218 3930 fratrem
1243 3880 1345 3931 suurn
1367 3862 1483 3933 lromi-

302 3978 309 3992 '
435 3976 514 4047 cida
538 3987 613 4058 cst3
640 3985 678 4044 et
702 3972 792 4043 tales
815 3981 961 4044 noverat
987 3973 1083 4042 intus
1104 3971 1308 4066 Cyprianus,
1327 3978 1386 4068 qui
1409 3979 1483 4047 uti-

270 4327 335 4374 Cnr.
349 4342 388 4389 ²4·

434 4114 503 4183 que
520 4090 757 4181 baptizabant.
810 4087 955 4157 Frustra
975 4109 1058 4179 ergo
1082 4088 1167 4159 talia
1191 4089 1236 4160 de
1262 4091 1483 4183 baptizandis

434 4205 611 4275 haereticis
628 4203 723 4273 dicta
739 4210 831 4270 sunt.

486 4318 702 4388 Fortunatus
731 4339 753 4386 a
778 4314 995 4386 Thuccabori
1032 4319 1148 4390 dixit:
1186 4319 1293 4391 Jecur
1320 4319 1483 4394 Christus

433 4431 608 4504 Dominus
642 4441 673 4502 et
702 4429 799 4501 Deus
832 4438 958 4512 cosm,
989 4431 1061 4503 Dei
1093 4434 1216 4505 Patras
1250 4445 1281 4506 et
1315 4440 1483 4508 creatoris

434 4545 562 4628 Filius,
580 4569 683 4640 super·
700 4553 848 4640 ‘petrum
871 4542 1054 4638 (edificavit
1069 4548 1269 4633 Ecclesiam,
1288 4575 1357 4622 raon
1376 4575 1483 4644 super

475 4691 488 4722 r
509 4681 543 4737 ln
557 4681 646 4741 MSS.
660 4701 741 4758 saper
754 4681 875 4738 Petrum.
921 4684 1029 4752 (llabet
1043 4686 1156 4744 Petrum
1178 4689 1224 4747 hic
1245 4699 1274 4748 et
1294 4690 1367 4747 infra
1388 4690 1481 4747 codex
