3817 5692
420 683 485 747 264
789 687 820 746 S.
839 684 1111 747 AUGUSTINI

256 869 320 917 cn.
338 870 372 917 ¹6·
470 857 575 926 Alius
594 855 805 925 Saturninus
829 879 850 925 a
867 856 985 925 Tucca
1006 857 1116 925 dixit:
1145 853 1301 926 Gentiles
1319 856 1491 948 quamuis

420 969 513 1039 idolo
530 969 651 1051 colunt,
671 980 782 1039 taraco
803 993 971 1039 succorum
990 967 1104 1039 Deum
1122 968 1266 1039 Patrem
1285 979 1489 1039 creatorem

420 1094 622 1181 coyrroscunt
639 1094 670 1155 et
687 1085 898 1178 confiteatur.
951 1082 998 1153 In
1022 1081 1113 1154 dureo
1128 1083 1295 1154 Marcion
1319 1082 1489 1178 blasphe-

421 1210 500 1281 mat,
515 1209 545 1271 ct
563 1199 702 1294 quidum
721 1210 822 1269 maou
839 1198 1039 1269 erubescunt
1051 1198 1248 1270 Marcionis
1266 1197 1487 1293 baptismum

414 1313 573 1409 probare.
625 1314 801 1403 Quomodo
826 1313 909 1384 tates
933 1312 1124 1383 sacerdotes
1148 1313 1385 1384 sacerdotium
1407 1313 1488 1384 Dei

420 1440 480 1500 out
503 1439 649 1509 seruum,
668 1439 731 1500 aut
754 1429 941 1511 vindicant,
961 1429 1022 1522 qui
1042 1426 1152 1498 tosus
1168 1427 1240 1499 Dei
1265 1451 1337 1499 non
1365 1427 1485 1523 bapti-

420 1555 510 1625 zant,
529 1554 560 1615 et
577 1545 628 1615 sic
645 1542 715 1614 itte
733 1544 1017 1615 cornarani-cord?

472 1661 739 1752 Respondetur:
769 1659 949 1728 Nimirum
968 1683 1049 1730 cnm
1069 1660 1153 1730 talia
1171 1662 1349 1743 dicuntur,
1369 1683 1485 1731 exce-

421 1776 516 1844 ditur
542 1777 676 1855 modus,
700 1798 765 1843 nec
792 1775 1032 1844 consideratur
1063 1776 1145 1866 quia
1172 1785 1209 1844 et
1239 1777 1303 1867 ipsi
1339 1776 1483 1847 talibus
1507 1771 1512 1784 ’

420 1891 736 1969 communicabant,
756 1891 922 1958 occurrero
938 1888 1145 1981 judicantes,
1164 1899 1224 1960 out
1241 1913 1263 1959 o
1276 1890 1364 1982 jure
1381 1915 1483 1961 com-

419 2005 593 2073 munionis
608 2002 754 2095 aliquem
772 2004 805 2073 si
822 2003 993 2073 diversum
1009 2004 1152 2074 seruerit
1169 2012 1369 2073 amoventes.
1397 2004 1480 2076 Sed

419 2117 527 2187 habet
550 2119 617 2185 iste
645 2119 681 2185 in
708 2117 773 2185 hac
799 2119 875 2208 ipsa
902 2120 1079 2188 sententia
1095 2142 1158 2188 sna
1175 2120 1268 2187 unde
1285 2116 1479 2187 admoneri

419 2239 545 2321 posset,
565 2231 593 2297 si
611 2231 821 2313 adverteret,
838 2231 875 2299 id
899 2232 934 2299 in
960 2254 1101 2322 quoque
1125 2232 1369 2323 corrigendum
1392 2254 1480 2302 esse

419 2346 513 2435 quod
536 2367 680 2435 pravum
699 2354 764 2425 est,
782 2347 876 2436 quod
899 2355 1020 2414 autem
1044 2357 1182 2415 rectum
1200 2357 1254 2416 est
1271 2346 1480 2437 approban-

420 2462 515 2528 dum.
571 2459 867 2550 Quandoquidem
902 2462 964 2541 ait,
998 2459 1151 2532 Gentiles
1185 2462 1338 2554 qrcoraor's
1374 2460 1479 2534 idolo

420 2574 539 2654 coloret,
559 2583 670 2644 tomen
692 2598 861 2644 succurram
884 2574 997 2645 Deum
1016 2574 1157 2646 Putrem
1182 2585 1367 2647 creatorem
1392 2602 1478 2674 coy-

419 2699 561 2761 aoscmrt
587 2699 618 2760 et
645 2689 855 2781 comitentur.
909 2689 948 2759 Si
974 2692 1053 2781 quis
1079 2713 1162 2782 ergo
1185 2691 1230 2759 ad
1248 2690 1367 2759 Denm
1386 2690 1478 2761 talis

418 2807 560 2899 gentilis
579 2806 724 2882 veniret,
738 2804 909 2895 numquid
928 2804 1037 2874 vellet
1055 2806 1089 2874 in
1108 2829 1151 2874 eo
1168 2806 1340 2896 corrigere
1357 2816 1477 2895 atque

418 2915 568 3002 niutaro,
586 2921 679 3011 quod
699 2919 816 2988 Deum
845 2920 986 2989 Patrem
1014 2930 1207 2989 creatorem
1230 2920 1478 2990 confitebatur

419 3049 456 3106 et
473 3034 641 3104 noverat?
682 3034 790 3104 nNon
814 3043 913 3125 puto,
931 3036 992 3103 sed
1017 3036 1222 3104 emendaret
1239 3036 1275 3103 in
1292 3056 1335 3103 eo
1353 3034 1477 3105 idolo-

419 3152 568 3231 latriam,
601 3151 695 3240 quod
726 3150 858 3218 malum
894 3150 1071 3230 habebat;
1097 3158 1134 3217 et
1165 3152 1319 3219 traderet
1351 3173 1477 3223 sacra·

418 3276 540 3333 menta
574 3264 782 3344 Christiana,
817 3287 898 3353 quae
933 3287 1001 3333 non
1037 3264 1208 3333 habebat:
1245 3276 1282 3332 et
1315 3265 1343 3333 si
1379 3266 1474 3354 quid

420 3392 554 3447 rectum
582 3388 700 3446 nosset
726 3380 761 3445 in
788 3402 840 3456 eo,
864 3379 1093 3469 approbaret;
1120 3381 1148 3448 si
1175 3380 1257 3469 qnid
1289 3380 1474 3449 inveniret

419 3519 631 3588 perversum,
649 3497 875 3577 emendaret3
902 3497 930 3564 si
949 3497 1032 3586 quid
1051 3496 1229 3575 defuisset,
1248 3497 1357 3564 daret.
1404 3495 1473 3567 Sic

418 3621 455 3677 et
474 3612 508 3677 in
528 3610 759 3679 Marcionista
775 3612 940 3679 haeretico
963 3620 1169 3702 agnosceret
1189 3610 1352 3701 baptismi
1371 3610 1473 3680 inbe-

417 3725 593 3814 gritatem,
618 3725 807 3816 corrigeret
833 3726 908 3816 ejus
934 3726 1210 3816 perversitatem,
1237 3725 1380 3793 doceret
1408 3749 1473 3796 ca-

418 3836 586 3906 tholicam
606 3839 801 3906 veritatem.
1249 3836 1255 3846 ’

469 3952 661 4022 Marcellus
678 3976 699 4022 a
716 3952 827 4021 Zama
845 3952 954 4020 dixit:
985 3952 1073 4025 Cum
1092 3963 1231 4045 peccota
1248 3977 1316 4023 ooo
1334 3954 1407 4023 nisi
1426 3956 1470 4026 irc

457 4260 479 4290 ¹¹¹
495 4250 633 4323 Loquitur
648 4251 682 4306 de
697 4249 843 4322 Stephano
858 4252 1004 4314 Pontifice,
1020 4252 1055 4307 dc
1074 4270 1130 4324 qno
1149 4252 1176 4306 in
1193 4253 1326 4327 Cypriani
1341 4252 1470 4325 epistola

418 4362 463 4418 74.
481 4346 515 4401 sd
531 4346 711 4419 Pompeium:
732 4346 787 4401 Cur
800 4347 827 4400 in
842 4356 943 4403 tontum
958 4348 1090 4421 Stephani
1094 4348 1203 4420 fratris
1217 4349 1304 4403 nostri
1317 4348 1468 4407 obstinatio

415 4444 482 4497 duro
491 4443 630 4517 prorupit,
647 4451 674 4497 ut
689 4444 769 4497 etium
784 4443 815 4497 dc
829 4443 983 4499 Marcionis
997 4444 1129 4517 baptismo
1147 4491 1152 4500 .
1167 4491 1171 4500 .
1188 4490 1212 4501 ..
1229 4490 1253 4502 ..
1273 4455 1298 4500 ct
1313 4452 1466 4503 ceterorum

415 4539 652 4613 blasphemantium
667 4541 694 4593 ia
709 4538 797 4594 Deum
812 4540 925 4595 Patrem
939 4542 1080 4596 contendat
1088 4541 1166 4613 filios
1183 4543 1243 4597 Deo
1257 4542 1360 4597 nasu?

456 4647 471 4676 ¹¹
485 4636 585 4701 Abest,
600 4637 665 4691 Non
675 4646 751 4712 puto,
767 4657 784 4694 a
798 4638 887 4697 MSS.
934 4641 1050 4708 (Itidem
1066 4661 1081 4697 a
1097 4639 1191 4709 meis.)
