3817 5692
603 700 845 764 RESPONSA
869 698 936 760 AD
959 697 1223 761 EPISCOPOS.
1367 695 1428 756 241

386 871 435 942 tio
452 871 554 963 ejas?
580 869 681 959 Quod
705 872 822 963 atiquo
847 868 889 940 de
911 867 967 939 lais
989 871 1050 962 qai
1073 866 1114 939 ab
1131 865 1301 938 laercticis
1319 868 1432 964 timpu-

388 995 501 1068 antm,
519 984 608 1056 etde
625 982 853 1082 linquentibus
869 984 1031 1079 loquitor.
1082 982 1127 1055 Si
1144 984 1234 1053 enim
1256 984 1317 1077 qai
1339 983 1434 1077 apud

386 1100 463 1173 illos
488 1101 716 1197 baptizantur,
736 1126 803 1196 por·
827 1102 1060 1172 remissionem
1084 1108 1302 1194 pcccatorum
1327 1101 1431 1171 eitam

386 1226 549 1288 oetccaam
568 1227 827 1313 consequantur,
845 1242 906 1288 cccc
924 1216 972 1287 ad
985 1215 1176 1288 Ecclesiam
1194 1215 1364 1288 veniant?
1388 1213 1433 1287 Si

387 1353 466 1401 coro
495 1339 521 1400 a'
545 1340 678 1402 mortno
707 1329 829 1402 salutis
858 1327 951 1401 ailil
978 1331 1157 1423 accipitur,
1185 1353 1226 1400 ac
1250 1336 1433 1424 propterca

388 1450 521 1542 capnito
545 1470 662 1516 erroro
680 1447 843 1541 pristino
861 1445 909 1515 ad
931 1449 1104 1516 ceritatem
1132 1470 1208 1515 cram
1227 1446 1434 1539 poeaitcmtia

387 1568 626 1640 reuertentem
651 1584 720 1631 ano
744 1560 842 1632 vitali
869 1560 1079 1656 baptismata,
1104 1560 1195 1655 quod
1219 1563 1256 1630 in
1278 1558 1433 1630 Ecclesia

388 1674 554 1746 catholica
571 1684 628 1758 ost,
645 1676 856 1769 sanctificari
872 1674 1042 1747 debebant.

439 1793 531 1875 Quid
560 1794 606 1862 sit
631 1815 653 1862 a
678 1801 818 1863 mortuo
841 1792 1023 1885 baptizari,
1041 1794 1115 1863 siue
1131 1794 1339 1887 praejudicio
1356 1793 1435 1864 dili-

387 1909 557 2003 gentioris
573 1909 731 2001 ejusdem
751 1910 930 2004 scripturae
947 1910 1245 1992 considerationis,
1262 1910 1373 1981 alibi
1356 1931 1434 2000 jam

387 2027 553 2095 diximus.
605 2026 736 2109 Quaero
763 2036 825 2097 aut
827 2050 883 2097 em
912 2051 975 2097 our
999 2027 1181 2097 haereticos
1206 2025 1299 2097 solos
1322 2025 1587 2095 velintcmtnru
1559 2058 1598 2090 u.

387 2142 536 2240 intelligi
562 2152 730 2226 mortuos,
753 2166 834 2214 cum
860 2142 993 2213 Paulus
1018 2142 1197 2236 apostolus
1222 2123 1506 2236 generaliter&
1508 2107 1580 2220 ΕΜ
1583 2141 1589 2155 ”

388 2258 433 2326 de
463 2270 609 2349 peccato
640 2260 779 2341 dixerit,
817 2258 1043 2350 Stipendium
1077 2259 1214 2350 peccati
1245 2278 1360 2326 mors:
1395 2265 1557 2326 etnam

388 2373 527 2454 iterum,
546 2372 679 2465 Sapere
703 2384 824 2443 autem
854 2374 1049 2444 secundum
1076 2382 1216 2443 caruem
1248 2395 1342 2441 mors
1367 2381 1432 2442 est.
1443 2346 1547 2446 diurn
1549 2398 1597 2446 :a

390 2484 439 2555 Et
457 2509 538 2556 cum
556 2497 731 2558 mortuam
751 2490 845 2558 dieat
862 2489 1014 2568 viduam,
1033 2512 1113 2580 quae
1130 2490 1166 2557 in
1185 2487 1319 2557 deliciis
1335 2462 1525 2567 vivit,mm

388 2603 564 2690 quomodo
589 2625 659 2671 uon
683 2613 765 2671 sum
788 2605 930 2685 mortui,
948 2604 1007 2695 qui
1030 2601 1158 2672 aesculo
1175 2603 1290 2673 verbis
1308 2611 1345 2672 et
1362 2625 1433 2671 non

388 2715 489 2785 factis
506 2717 735 2787 renuntianti
761 2717 857 2800 Quid
875 2741 958 2810 ergo
979 2717 1116 2810 proficit
1134 2717 1263 2786 lavatio
1280 2717 1356 2806 ejus
1373 2717 1433 2807 qui

387 2831 525 2901 abietis
543 2832 760 2923 baptizatur:
788 2832 853 2901 nisi
872 2833 954 2922 quia
971 2840 1008 2902 et
1025 2834 1100 2924 ipse
1117 2834 1145 2902 ei
1163 2831 1243 2902 talis
1260 2841 1327 2917 est,
1341 2832 1434 2903 lara-

388 2971 487 3017 crum
506 2949 648 3039 quidem
666 2948 784 3030 habet,
802 2948 863 3017 sed
886 2971 956 3017 non
981 2950 1014 3017 ei
1039 2948 1177 3040 proficit
1193 2949 1238 3018 ad
1256 2944 1432 3018 salutem?

388 3063 425 3132 Si
444 3073 564 3133 autem
583 3063 644 3133 ille
661 3086 683 3134 n
699 3087 769 3155 quo
787 3063 987 3158 baptizatur
1004 3063 1084 3134 talis
1101 3072 1165 3146 est,
1184 3066 1250 3133 iste
1263 3087 1346 3133 vero
1362 3086 1433 3132 non

388 3177 475 3249 falso
493 3180 598 3249 corde
614 3180 660 3249 ad
680 3178 797 3248 Deum
815 3180 1043 3262 convertitur,
1061 3203 1131 3249 non
1149 3180 1194 3250 ab
1214 3178 1276 3250 illo
1294 3189 1435 3249 mortuo

387 3294 597 3386 baptizatur,
615 3296 676 3365 sed
697 3295 742 3365 ab
764 3293 826 3365 illo
845 3295 924 3366 vivo
946 3296 992 3366 de
1014 3319 1085 3388 quo
1111 3296 1245 3366 dictum
1269 3304 1334 3377 est,
1353 3294 1597 3387 lpsesohms.33.

388 3417 452 3490 est,
466 3409 527 3500 qui
544 3410 722 3502 baptizat;
748 3409 907 3502 quolibet
920 3410 1147 3502 corporaliter
1164 3420 1333 3504 operante
1350 3410 1435 3501 bep-

388 3524 486 3592 ticet.
538 3524 644 3607 Quod
674 3534 794 3594 autem
826 3525 877 3594 ait
906 3526 951 3595 de
981 3525 1162 3606 hareticie,
1186 3522 1232 3597 Si
1257 3525 1348 3594 cuim
1375 3523 1436 3618 qui

388 3638 483 3731 opud
508 3636 585 3708 illos
614 3637 843 3733 baptizantur,
864 3663 932 3733 por
956 3639 1191 3711 remissionem
1216 3649 1433 3734 peccatoram

387 3754 494 3824 vitam
525 3763 687 3825 aternam
715 3763 977 3849 consequuntur,
1003 3779 1065 3826 cuc
1090 3754 1138 3825 ad
1160 3754 1350 3827 Ecclesiam
1381 3779 1434 3826 ae·

388 3868 521 3939 aiant?
564 3870 831 3961 Respondetur:
869 3869 957 3940 Ideo
991 3873 1147 3954 veniunt,
1179 3872 1261 3964 quia
1294 3872 1434 3942 etiamsi

388 3980 520 4052 Christi
546 3983 759 4074 baptismum
786 4007 897 4077 usque
922 3986 966 4055 ad
993 3987 1201 4056 sacramenti
1228 3986 1435 4057 celebratio·

389 4120 470 4168 nem
506 4099 736 4191 perceperint,
771 4109 890 4169 tamen
925 4102 1035 4170 vit-am
1069 4110 1236 4172 aetemanr
1270 4100 1337 4172 uisi
1371 4124 1435 4193 per

388 4214 533 4285 unitatis
558 4215 741 4285 caritatem
770 4238 839 4285 non
866 4225 1148 4308 consequuntur:
1175 4218 1266 4287 sicut
1290 4239 1356 4287 neo
1382 4216 1433 4286 illi

388 4327 551 4398 malevoli
569 4338 607 4398 et
624 4331 743 4411 invidi,
761 4331 889 4423 quibus
905 4354 976 4400 non
996 4331 1261 4401 dimitterentur
1277 4338 1433 4422 peccata,

388 4467 453 4513 neo
471 4446 498 4512 ei
516 4445 682 4515 adversus
699 4469 758 4516 eos
776 4447 895 4516 odium
910 4454 1074 4516 tenerent
1091 4469 1113 4516 a
1129 4446 1256 4538 quibus
1273 4454 1435 4537 pateren-

388 4568 447 4628 tur
472 4560 655 4651 injuriam3
681 4562 762 4652 quia
780 4558 1045 4643 Veritns‘dixit,
1063 4560 1102 4631 si
1126 4584 1197 4631 non
1221 4560 1433 4640 dimiseritis,
1443 4579 1535 4629 Mam.
1546 4581 1577 4628 η’.

430 4694 497 4735 vot.
512 4694 542 4734 v.
890 4674 927 4736 ri
1446 4658 1482 4707 '⁵'
