3817 5692
585 701 651 768 206
736 701 989 766 ARCHELAI
1021 700 1084 763 ET
1115 698 1337 763 MANETIS
1368 699 1488 764 DISP.

582 880 707 975 yietcr;
725 875 914 946 restituisse
926 898 1018 944 scau
1035 874 1227 967 conjectura
1239 871 1373 944 Pietas·
1388 874 1527 954 inferre,
1542 896 1636 943 static

586 994 637 1062 uit
662 991 702 1063 ci.
728 988 928 1063 Olslmusea.
949 988 1046 1059 Hist.
1070 987 1164 1059 Eccl.
1193 987 1322 1059 Vetciis
1347 987 1563 1058 dictumest.
1582 986 1635 1057 ΙΙ.

585 1133 620 1202 p.
636 1106 756 1198 163.);
783 1117 821 1177 et
838 1107 1029 1176 verendum
1055 1114 1119 1187 est,
1137 1128 1182 1175 ne
1205 1106 1306 1186 forte,
1323 1113 1365 1174 ut
1387 1106 1462 1173 fieri
1485 1104 1636 1185 adsolet,

585 1224 767 1293 accedenti
798 1233 959 1314 tempore
989 1229 1162 1291 conentur
1194 1220 1409 1291 execrandas
1443 1229 1634 1291 consuetu-

586 1340 695 1421 dines,
721 1348 759 1409 et
784 1338 913 1408 istebas
936 1334 1022 1424 (vait
1047 1338 1206 1406 inficetas
1225 1334 1375 1432 Cuaacy.
1397 1334 1458 1406 sed
1481 1338 1634 1406 incestas

586 1455 713 1526 editam
740 1453 908 1525 invenisse
927 1451 1062 1524 videtur
1081 1449 1295 1544 Obhumen.)
1322 1450 1418 1544 leges
1444 1450 1633 1522 Persarum

587 1569 745 1665 (Sapmlct
761 1571 927 1639 inducero
953 1569 990 1637 in
1016 1576 1095 1638 teste
1114 1564 1324 1638 Oishuaseao
1338 1566 1513 1660 Rouana)
1532 1570 1633 1636 inno-

586 1688 751 1756 centioris
774 1695 911 1754 naturae
932 1683 1093 1754 homines
1120 1683 1317 1753 Romanam
1339 1694 1485 1775 gentem
1510 1683 1634 1753 mode-

586 1813 676 1872 stam
704 1813 812 1893 atque
840 1799 1086 1891 tranquillam
1112 1809 1149 1869 et
1173 1801 1376 1869 universum
1405 1800 1527 1870 orbem
1553 1822 1634 1870 nos·

586 1928 681 1987 tmm
715 1916 826 1986 veluti
860 1916 1004 1985 venenis
1046 1916 1091 1985 de
1133 1916 1204 1985 suis
1245 1915 1419 1986 malivolis
1461 1917 1631 1985 inficere:

587 2033 741 2123 (Omittit
760 2035 805 2104 de
824 2032 1464 2125 Obsitaicsea.)-jnbemus—auct0rea
1487 2036 1632 2127 quidem

585 2172 626 2219 ac
643 2150 818 2241 principes
835 2171 906 2217 una
928 2171 1010 2218 cum
1034 2148 1277 2217 abominandis
1302 2149 1483 2240 scripturis
1507 2172 1631 2218 eorum

585 2262 748 2331 severiori
774 2283 885 2351 poenao
914 2260 1048 2351 subjici,
1067 2262 1118 2329 ita
1142 2270 1185 2329 ut
1208 2260 1379 2332 flammeis
1404 2261 1544 2354 ignibus
1569 2284 1633 2331 ex-

586 2385 751 2447 urantur:
778 2385 1032 2445 consentaneos
1060 2400 1143 2447 vem
1170 2386 1208 2446 et
1231 2400 1342 2467 usqua
1371 2378 1459 2447 adeo
1485 2388 1633 2447 conten-

585 2496 693 2565 tiosos
728 2494 844 2585 capite
879 2494 994 2584 puniri
1029 2493 1272 2585 praecipimns:
1312 2503 1349 2563 et
1382 2516 1503 2563 eorum
1538 2495 1633 2564 bons

585 2610 670 2680 fisco
695 2621 814 2680 nostro
832 2609 1000 2679 vindicari
1026 2611 1211 2679 sancimus.
1263 2610 1301 2680 Si
1327 2611 1386 2701 qui
1413 2632 1495 2679 sane
1521 2612 1631 2680 etiam

586 2726 757 2805 honorati,
783 2734 846 2796 aut
873 2724 1065 2818 cujuslibet
1090 2726 1271 2818 dignitatis
1299 2725 1353 2794 vel
1384 2727 1523 2817 majoris
1553 2751 1633 2818 per·

585 2862 678 2909 sonae
698 2841 742 2910 ad
765 2841 855 2910 hanc
874 2841 1067 2909 inauditam
1086 2852 1123 2909 et
1140 2851 1290 2932 turpem,
1308 2851 1415 2932 atque
1433 2865 1495 2934 per
1512 2844 1632 2912 omnia

585 2956 753 3025 infamem
786 2964 930 3035 sectam,
961 2955 1018 3025 vel
1051 2957 1095 3026 ad
1130 2957 1325 3026 doctrinam
1361 2956 1556 3039 Persamm,
1592 2980 1631 3028 sa

585 3071 852 3155 transtulerunt,
879 3094 1001 3142 eorum
1030 3073 1240 3163 patrimonia
1265 3074 1350 3143 fisco
1380 3085 1500 3144 nostro
1529 3075 1631 3143 adso-

586 3188 669 3257 ciari
688 3188 814 3257 facies:
841 3189 933 3279 ipsos
954 3211 1095 3280 quoque
1113 3188 1335 3270 Forensibus,
1353 3189 1410 3259 vel
1429 3190 1629 3261 Proconen-

585 3302 681 3371 sibus
707 3301 860 3371 metallis
886 3301 971 3370 dari.
1023 3319 1182 3393 Desumpta
1200 3319 1261 3374 haec
1279 3339 1313 3375 ex
1329 3318 1435 3376 Codice
1451 3320 1630 3394 Gregoriano

586 3417 613 3470 in
643 3415 817 3471 collationem
842 3416 944 3489 Loqum
972 3415 1093 3471 Mosaic.
1121 3424 1147 3471 et
1174 3416 1366 3478 Romanorum,
1390 3415 1485 3472 Titulo
1509 3436 1556 3471 xv.
1586 3418 1631 3475 De

585 3512 798 3570 Mathematicis
812 3522 841 3570 et
856 3512 1033 3578 Manichaeia
1050 3534 1076 3587 p.
1089 3530 1156 3588 25²·
1172 3512 1239 3569 edit.
1253 3513 1452 3587 Cannegieter.
