3817 5692
428 728 493 789 288
623 727 687 789 DE
712 728 1095 792 REBAPTtsMaTE
1120 730 1279 795 LIBER.

428 900 726 991 sesquisaeculum
753 901 866 971 multo
893 904 1010 972 minus
1039 910 1087 973 tot
1116 902 1318 974 seculorum
1351 915 1484 977 tantam

427 1015 559 1084 scriem.
612 1013 664 1083 At
690 1038 802 1106 usque
831 1018 875 1087 ad
902 1026 1064 1108 tempora
1090 1018 1211 1089 Ursini
1240 1022 1484 1112 preterierant

426 1130 528 1219 plura
545 1128 680 1199 secula.
734 1130 794 1201 Sic
813 1131 1011 1202 Banuzrus.

428 1438 607 1508 Annnms
631 1438 873 1509 Gannaunrus
890 1439 928 1508 ia
945 1436 1205 1535 Prolcqomenis
1221 1441 1266 1511 ad
1283 1440 1386 1511 Tom.
1406 1441 1482 1512 111.

477 1550 700 1625 Bibliothecae
722 1577 792 1625 suae
819 1552 887 1626 Vct.
906 1553 1057 1625 Petram
1078 1555 1242 1626 Venetiis
1263 1578 1358 1627 anuo
1380 1556 1482 1633 1767

478 1672 624 1754 editum,
642 1673 678 1740 in
696 1695 766 1764 quo
783 1671 850 1742 hoc
869 1670 970 1764 Opus
986 1673 1143 1764 positum
1161 1682 1224 1742 est.

478 1847 498 1875 “
512 1836 640 1928 Colligi
664 1858 711 1905 ex
734 1835 789 1905 his
809 1834 924 1905 verbis
946 1834 983 1921 (a
1008 1834 1156 1905 Baluaio
1179 1857 1284 1927 supra
1310 1836 1483 1930 objectis)

427 1977 497 2022 non
523 1951 653 2022 debere
682 1952 732 2021 ait
764 1949 976 2021 Prudentius
1008 1949 1189 2032 Maranm,
1212 1949 1288 2021 Vit.
1315 1950 1352 2021 S.
1372 1952 1480 2045 prr.

426 2078 607 2139 auctorem
642 2067 774 2137 saeculo
803 2076 931 2158 quarto
961 2067 1100 2148 vixisse,
1130 2066 1192 2135 sed
1227 2070 1481 2139 tantummodo

426 2205 508 2252 eum
548 2184 584 2251 in
624 2183 872 2276 exaggerando
910 2204 982 2251 non
1017 2180 1119 2253 valde
1157 2183 1322 2251 timidum
1357 2183 1480 2254 fuisse.

427 2297 525 2368 Nam
553 2307 790 2390 praeterquam
821 2298 913 2389 quod
944 2320 991 2367 ne
1022 2305 1147 2389 quarto
1177 2297 1320 2389 quidem
1347 2299 1481 2369 seculo

426 2412 501 2481 sine
524 2411 675 2481 absurda
697 2411 973 2504 exaggeratione
996 2411 1150 2503 objicere
1171 2412 1290 2503 potuit
1305 2418 1355 2481 tot
1369 2434 1481 2482 cccccc-

420 2523 538 2598 ¹loram
561 2536 691 2597 tantam
711 2527 844 2608 seriem,
865 2535 962 2597 certe
984 2528 1164 2619 conceptis
1182 2526 1297 2598 verbis
1319 2528 1481 2599 declarat

426 2652 507 2713 tanc
530 2644 686 2736 primm
712 2644 986 2713 controversiam
1017 2644 1062 2712 de
1089 2642 1265 2734 baptismo
1294 2642 1480 2715 haeretieo-

426 2781 505 2827 rum
536 2759 724 2828 exarsisse:
752 2757 848 2848 quod
876 2756 1005 2827 saeculo
1031 2758 1177 2827 demum
1202 2757 1309 2827 tertio
1334 2760 1479 2850 proprie

426 2875 598 2966 congruit.
667 2872 764 2955 Quin
803 2874 912 2942 etiam
947 2872 1163 2965 cyprianum
1201 2874 1329 2964 ipsum,
1364 2876 1479 2946 tacito

426 2990 579 3072 nomine,
605 2998 646 3058 nt
668 2987 783 3058 adhuc
805 2989 984 3058 viventem
1009 2997 1047 3059 et
1072 2990 1225 3059 diversas
1250 2999 1367 3081 partes
1392 3011 1477 3060 auc·

427 3107 571 3176 toritate
597 3127 658 3176 sua
685 3113 847 3174 tuentem
873 3113 1065 3197 oppugnat.
1117 3104 1253 3175 Statuit
1276 3106 1373 3175 enim
1391 3105 1422 3205 ff.
1442 3113 1476 3177 2.

427 3221 598 3311 ejusmodi
616 3221 861 3290 controversia
875 3217 1005 3290 nullam
1024 3218 1130 3291 olium
1149 3218 1385 3316 cascfructum
1402 3223 1479 3294 nisi

431 3345 468 3404 ot
484 3360 574 3406 uraca
590 3333 700 3418 homo,
718 3335 910 3429 quicunque
926 3333 985 3406 illc
1002 3344 1060 3417 est,
1078 3358 1212 3433 magne
1227 3335 1430 3431 padcutioe
1446 3349 1479 3409 et

426 3453 627 3522 constantior
656 3476 726 3522 csse
755 3451 850 3545 cprrd
877 3452 1041 3545 quosdam
1076 3451 1161 3524 lecca
1190 3452 1342 3524 homines
1373 3456 1478 3526 inani

421 3567 536 3662 ‚cloria
559 3566 782 3661 preadicatur,
809 3577 840 3638 et
866 3566 1104 3639 haereticoram
1132 3579 1268 3664 stupore
1289 3567 1476 3662 praeditas,

426 3683 546 3777 quibas
576 3681 638 3754 doc
666 3708 770 3754 caum
806 3681 965 3755 solatium
996 3692 1045 3754 est
1074 3688 1106 3754 si
1139 3708 1208 3757 non
1237 3683 1303 3755 soli
1330 3707 1478 3778 peccare

425 3797 618 3882 oidecatcr,
646 3823 781 3871 errores
810 3807 841 3870 ct
870 3800 956 3870 citio
986 3801 1226 3871 universarum
1256 3799 1480 3872 ecclesianam

426 3916 624 3996 carraciaco,
643 3914 738 4009 apud
757 3903 951 3986 simillimos·
969 3915 1024 3985 sai·
1042 3925 1074 3986 ct
1090 3938 1265 4010 compares
1282 3912 1478 3988 celebretur.

426 4030 515 4113 Quis
533 4054 635 4125 porro
653 4028 828 4123 Cypriane
846 4042 919 4102 tam
943 4034 1096 4125 indignis
1119 4034 1232 4103 modis
1257 4033 1480 4104 conviciatus

426 4155 529 4228 esset,
560 4154 746 4237 postquam
777 4147 952 4218 maculam
985 4149 1120 4253 erroris,
1152 4171 1257 4240 quem
1293 4169 1364 4217 non
1399 4150 1480 4220 sine

425 4284 564 4331 summa
602 4261 709 4329 animi
745 4264 987 4333 moderatione
1021 4264 1055 4333 in
1093 4288 1131 4334 re
1165 4265 1321 4333 nondum
1357 4265 1480 4336 decisa

426 4376 640 4457 defenderat,
666 4378 832 4468 rnartyrio
859 4378 1034 4457 abstersit,
1062 4380 1207 4471 eiusque
1234 4379 1396 4460 nominis,
1422 4401 1478 4449 re·

425 4495 591 4585 frigerato
609 4493 845 4564 contentionis
862 4504 964 4576 aestu,
983 4518 1122 4565 summa
1142 4497 1281 4566 exstitit
1302 4497 1338 4565 in
1357 4497 1478 4565 omni-

425 4609 489 4677 bus
507 4608 663 4678 ecclesiis
683 4608 868 4681 celebritas
878 4609 912 4678 P’
