3817 5692
523 693 588 752 248
892 690 923 748 S.
941 686 1212 750 AUGUSTINI

525 872 659 933 ettam
686 862 800 931 multa
828 863 982 952 ipsorum
1000 869 1166 951 'operum
1198 860 1293 927 intus
1321 867 1505 950 tamquam
1537 861 1577 927 in

524 977 625 1069 palea
649 980 853 1056 tolerantur,
872 986 1047 1045 ettamen
1074 998 1184 1044 unum
1211 974 1387 1065 baptisma
1409 975 1577 1044 omnibus

525 1105 591 1175 est,
610 1094 703 1185 quod
723 1092 820 1162 nullo
837 1092 1033 1183 iniquitatis
1050 1113 1156 1183 opere
1175 1089 1334 1159 violatur.

363 1212 475 1270 ΟΜ
580 1208 789 1278 Vincentius
806 1231 827 1276 a
844 1207 986 1277 Thibari
1005 1206 1117 1275 dixit:
1143 1203 1338 1275 Hoeretioos
1359 1206 1486 1275 seimus
1502 1228 1576 1275 esse

518 1325 663 1418 pey'oees,
681 1348 782 1418 quom
806 1322 966 1394 ethnicos.
1017 1321 1062 1395 Si
1082 1321 1236 1393 conversi
1257 1320 1304 1391 od
1318 1320 1433 1392 Deum
1456 1323 1576 1393 venire

525 1440 703 1522 noluerint,
725 1438 852 1509 lenient
871 1440 988 1533 ntique
1009 1436 1162 1533 repedem
1188 1437 1353 1518 veritatis,
1377 1460 1479 1530 quom
1497 1435 1575 1508 Do-

525 1556 639 1626 minus
667 1563 840 1649 pnceeepto
870 1553 988 1624 diuino
1021 1550 1197 1623 mandevit
1226 1551 1414 1645 Apostolis,
1445 1551 1573 1634 dicens,

363 1685 498 1732 llareixvi·
526 1670 588 1754 In,
606 1672 644 1741 in
662 1673 799 1741 nomine
822 1693 894 1740 ineo
917 1693 1055 1739 murrum
1081 1668 1253 1763 imponite,
1272 1666 1443 1738 demonio
1459 1666 1575 1762 eepel-

363 1761 454 1891 iiiega.
526 1785 594 1857 lite.
646 1786 695 1857 Et
712 1783 782 1855 olio
799 1784 882 1867 loco,
898 1782 963 1864 Ite,
981 1792 1012 1853 et
1034 1782 1146 1853 docete
1166 1791 1290 1877 penites,
1311 1783 1497 1879 linquentes
1514 1806 1574 1853 eos

362 1893 445 1926 ΨΜ·
462 1892 499 1943 '⁹'
527 1903 564 1970 in
593 1902 729 1973 nomine
752 1899 874 1975 Petris
901 1907 932 1969 et
951 1898 1045 1969 Filii
1067 1906 1098 1968 et
1120 1896 1278 1992 Spieitns
1302 1900 1423 1968 sancti.
1473 1897 1574 1993 Erpa

519 2014 638 2107 primo
655 2037 722 2106 per
738 2036 860 2081 anenno
877 2012 1129 2105 impositionem
1150 2012 1187 2080 in
1206 2013 1407 2095 enoreismo,
1424 2012 1571 2082 secundo

519 2151 585 2222 per
605 2126 765 2221 baptismi
786 2127 1084 2222 nepenerotionem,
1107 2136 1188 2196 irene
1202 2135 1348 2219 possum
1368 2126 1417 2197 ool
1436 2126 1573 2200 Christi

521 2242 802 2337 pollicitationem
828 2243 966 2320 oeezire;
992 2240 1081 2312 ulios
1106 2251 1217 2312 numm
1232 2242 1320 2335 fleri
1341 2238 1476 2313 bcanesco
1500 2265 1572 2312 non

525 2356 650 2429 debere.

577 2474 632 2543 Ex
652 2499 721 2567 qua
738 2476 860 2570 regula
877 2476 972 2545 dicat
996 2476 1178 2547 haereticos
1202 2478 1338 2569 pejores
1363 2499 1439 2546 esse
1464 2499 1569 2567 quam

526 2590 696 2672 ethnicos,
732 2592 877 2673 nescio;
916 2614 997 2660 oum
1033 2591 1208 2661 Dominus
1242 2594 1346 2673 dicat,
1382 2591 1420 2660 Si
1456 2613 1572 2681 neque

361 2679 428 2710 '‘vn''
470 2698 475 2709 '
527 2704 720 2775 Ecclesiam
756 2706 917 2786 audierit,
948 2708 994 2775 sit
1025 2707 1089 2776 tibi
1124 2716 1305 2798 tamquam
1340 2706 1503 2776 ethnicus
1533 2714 1572 2775 et

527 2821 742 2911 publicanus.
796 2822 854 2890 An
874 2822 981 2919 etiam
1000 2821 1062 2891 tali
1080 2822 1265 2892 haereticus
1282 2822 1381 2914 pejor
1396 2821 1475 2892 esti
1502 2819 1572 2890 Ni-

525 2934 574 3005 hil
606 2938 751 3005 resisto:
780 2959 847 3004 non
880 2949 1000 3005 tamen
1030 2948 1217 3028 propterea
1247 2939 1329 3028 quia
1358 2938 1433 3029 ipse
1463 2937 1571 3006 homo

524 3051 623 3141 pejor
640 3064 694 3119 est
712 3051 866 3133 ethnico,
884 3052 920 3119 id
943 3063 1007 3132 est,
1025 3050 1150 3144 gentili
1169 3062 1276 3143 atque
1294 3076 1440 3145 pagano,
1458 3075 1574 3123 sacra·

524 3176 683 3235 mentum
704 3168 812 3235 etiam
830 3166 961 3236 Christi
985 3168 1013 3236 si
1038 3168 1129 3258 quod
1155 3168 1273 3249 habet,
1292 3169 1386 3237 vitiis
1403 3169 1478 3259 ejus
1494 3191 1573 3237 mo·

523 3280 690 3370 ribusque
709 3281 886 3360 miscetur,
904 3290 941 3351 et
964 3282 1088 3351 eadem
1112 3282 1347 3373 permixtione
1364 3291 1570 3373 corruptum

524 3396 626 3485 perit.
678 3395 774 3465 Nam
793 3406 830 3465 et
846 3396 898 3465 illi
916 3398 976 3488 qui
995 3398 1166 3467 recedunt
1183 3398 1227 3466 de
1243 3397 1410 3477 Ecclesia,
1423 3405 1461 3466 et
1478 3395 1572 3464 liunt

525 3508 694 3577 lraeresum
718 3533 788 3579 non
806 3521 946 3580 tantum
970 3521 1173 3597 sectatores,
1191 3513 1252 3581 sed
1274 3513 1382 3582 etiarn
1409 3510 1572 3580 condito·

524 3645 588 3703 res,
607 3625 635 3694 si
656 3625 731 3715 jam
758 3625 925 3717 baptizati
948 3628 1130 3708 recedunt,
1148 3650 1228 3697 cum
1252 3627 1444 3695 secundum
1463 3625 1569 3694 istam

523 3740 682 3831 regulam
712 3742 847 3832 pejores
881 3743 951 3812 sint
981 3743 1141 3825 ethnicis,
1170 3742 1302 3813 habent
1332 3753 1452 3812 tamen
1483 3741 1569 3833 bap·

524 3854 645 3926 tisma:
675 3858 802 3926 namsi
821 3858 968 3927 correcti
988 3858 1142 3938 redeant,
1161 3881 1230 3926 non
1249 3857 1446 3949 accipiunt3
1473 3856 1570 3946 quod

524 3972 552 4041 si
570 3973 776 4053 amisissent,
795 3974 917 4064 utique
934 3974 1145 4065 acciperent.
1190 3971 1315 4042 Potest
1332 3995 1416 4067 ergo
1433 3972 1508 4042 lieri
1528 3982 1571 4042 ut

523 4084 647 4176 aliquis
664 4090 763 4177 pejor
780 4087 825 4155 sit
842 4086 995 4165 ethnico,
1010 4095 1179 4156 ettamen
1198 4088 1233 4156 in
1251 4110 1294 4156 eo
1308 4087 1439 4156 Christi
1456 4110 1571 4156 sacra-

565 4385 580 4416 ⁸
594 4373 680 4437 Editi,
696 4374 814 4448 ipsoram
828 4391 918 4447 opero.
951 4376 989 4429 At
1002 4373 1092 4430 MSS.
1108 4374 1226 4448 mserum
1242 4393 1359 4449 operam.
1394 4374 1496 4444 (Deest
1511 4394 1569 4431 vox

523 4490 632 4546 operum
645 4470 674 4526 in
690 4468 756 4525 MS.
773 4487 837 4526 meo
850 4470 963 4534 altero.)

564 4567 576 4604 ¹³
592 4568 717 4623 Verbum
732 4585 823 4623 censeo
838 4566 917 4624 abest
932 4586 949 4622 a
963 4565 1052 4623 MSS.
1097 4567 1212 4639 (Itidem
1225 4588 1241 4623 a
1256 4568 1348 4638 meis.)
