3817 5692
755 700 1064 766 DISPUTATIO.
1371 709 1434 773 157

386 895 500 959 cerna,
518 897 699 967 usquequo
717 874 769 944 sol
793 876 893 945 nobis
912 897 1014 946 verus
1041 876 1204 948 Salvator
1227 888 1345 951 noster
1365 882 1433 950 ori-

385 1000 491 1070 retur,
522 992 614 1061 sicut
644 1001 681 1061 et
714 992 774 1073 ait,
807 989 870 1062 ¹Et
900 991 1109 1066 illuminabit
1136 992 1306 1068 Clrristus.
1360 996 1432 1068 Sed

385 1107 478 1198 quod
497 1106 594 1189 dicit,
613 1105 814 1178 ²Olscnrnti
835 1116 915 1178 sunt
939 1133 1057 1179 sensus
1075 1133 1204 1180 eorum.
1254 1110 1369 1206 Usque
1394 1114 1432 1184 in

384 1220 587 1294 hodiernum
616 1225 705 1294 enim
737 1224 850 1318 ipsum
877 1221 1027 1295 uelamen
1057 1223 1192 1297 hmanet
1227 1228 1264 1297 in
1291 1226 1433 1300 lectiam

383 1342 504 1412 ueteris
535 1343 734 1414 testamenti.
786 1340 867 1412 Non
901 1340 1082 1426 revelat-ur,
1108 1345 1190 1438 quio
1225 1346 1263 1415 in
1291 1344 1433 1420 Christo

383 1452 598 1528 *destruitur
647 1457 761 1552 Usque
787 1459 825 1527 in
850 1456 1055 1529 laodicenum
1080 1460 1182 1544 enim,
1205 1486 1279 1532 cum
1307 1461 1432 1560 leqitur

381 1572 535 1668 Moyses,
553 1573 702 1646 uelamen
720 1584 768 1646 est
788 1575 940 1669 positum
967 1599 1070 1670 supe-r
1093 1599 1152 1647 cor
1168 1602 1296 1650 eorum.
1341 1579 1429 1654 Cum

382 1699 493 1760 nutem
511 1713 691 1761 concersns
708 1687 844 1785 kfuruit
863 1690 911 1761 ml
926 1690 1128 1775 Dominum,
1147 1692 1325 1787 anfhretur
1342 1693 1431 1765 relu-

382 1829 468 1875 men.
508 1803 683 1876 Dominus
713 1816 823 1877 nartem
854 1807 999 1900 spiritns
1029 1817 1086 1879 est.
1139 1805 1256 1893 *Quid
1290 1810 1430 1902 inquit?

383 1921 507 2015 Usque
525 1925 561 1992 in
579 1923 834 1993 hodiernumne
850 1946 1005 2015 praesens
1023 1933 1078 1993 est
1093 1923 1249 2017 Moyses,
1262 1948 1332 1994 non
1351 1925 1430 1995 dor-

381 2038 493 2118 mivit,
525 2062 596 2107 non
627 2039 809 2129 requievit,
836 2060 906 2105 non
932 2039 1133 2108 mabscessit
1159 2062 1179 2108 e
1209 2040 1306 2109 vita?
1332 2038 1430 2123 Quo·

381 2154 486 2221 modo
504 2155 540 2222 in
558 2154 768 2225 hodiernum
785 2152 896 2223 dicit?
922 2153 996 2223 Sed
1021 2155 1159 2223 intuere
1177 2151 1349 2235 velamen,
1366 2155 1428 2225 ubi

381 2268 476 2351 dicit,
495 2272 651 2361 positum
670 2280 802 2361 ¹¹supra
821 2292 881 2339 cor
902 2271 1091 2354 eomn1,i11
1117 2268 1269 2339 lectione
1294 2292 1428 2340 eorum.

381 2383 469 2454 Haec
486 2394 541 2456 est
559 2409 639 2467 vox,
661 2410 737 2479 quae
760 2387 877 2480 arguit
901 2386 991 2456 filios
1010 2385 1128 2467 Israel,
1146 2385 1306 2479 legentes
1324 2385 1429 2479 Moy-

380 2523 452 2584 sen,
470 2509 508 2570 et
531 2526 601 2573 non
628 2501 880 2597 intelligentes,
906 2525 1021 2594 neque
1047 2511 1294 2571 convertentes
1320 2523 1358 2571 se
1383 2502 1427 2572 nd

379 2615 585 2701 Dominum,
604 2619 769 2710 quoniam
788 2620 864 2709 ipse
881 2626 947 2702 est,
966 2619 1026 2708 qui
1049 2640 1071 2686 a
1089 2615 1217 2708 Moyse
1240 2616 1429 2708 propheta-

379 2743 437 2803 tus
454 2744 508 2803 est
526 2736 656 2805 venire.
703 2733 784 2803 Hoc
802 2742 857 2804 est
874 2731 1047 2814 velamen,
1065 2733 1159 2823 qnod
1178 2742 1254 2802 erut
1271 2733 1427 2824 positum

378 2872 483 2941 super
509 2850 636 2920 faciem
667 2848 799 2942 Moysi,
827 2848 920 2940 quod
956 2858 1010 2918 est
1044 2857 1298 2918 testamentum
1331 2847 1427 2937 ejus3

379 2969 458 3036 ⁰ait
482 2967 578 3036 enirn
606 2968 642 3034 in
664 2966 752 3058 lege,
778 2963 876 3038 ³Non
900 2963 1031 3057 dejiciet
1053 2963 1224 3057 Princeps
1247 2987 1292 3033 en
1314 2961 1426 3046 Juda,

379 3105 484 3176 resque
499 3078 588 3152 Dus
613 3081 676 3151 rue
687 3079 884 3176 semoribus
909 3080 991 3173 ejan,
1013 3103 1186 3174 usquequo
1211 3079 1333 3160 ueniat,
1351 3086 1427 3149 ⁴cu-

417 3251 434 3295 ¹¹
456 3254 555 3311 Codex
580 3254 738 3320 Bobicnsis,
760 3262 789 3311 et
810 3255 935 3329 Vulgata
957 3253 997 3309 itu
1018 3252 1128 3326 legunt,
1152 3252 1201 3308 sed
1226 3251 1255 3307 in
1277 3250 1425 3310 Casinensi

300 3366 303 3372 ’
377 3352 505 3418 habetur,
522 3361 592 3408 tenet
605 3360 631 3408 et
646 3352 673 3407 in
687 3352 807 3408 lectione.

417 3454 425 3497 i
447 3457 547 3514 Codex
570 3455 742 3521 casinensis,
759 3456 922 3519 destruetur,
944 3454 1028 3511 lectio
1044 3454 1177 3528 Vulgstae
1198 3454 1347 3518 contraria.
1363 3473 1425 3528 qnae

377 3555 462 3611 etiam
476 3554 572 3618 habet,
588 3573 639 3609 nou
653 3553 809 3622 revelatum,
824 3553 973 3627 utrobique
984 3554 1065 3627 juxta
1079 3550 1165 3607 fidem
1180 3550 1267 3625 graeci
1281 3560 1387 3608 textus.

416 3648 433 3691 ¹¹
455 3650 555 3707 Codex
577 3651 695 3707 Bobien.
710 3651 803 3725 suerit
824 3652 886 3725 quis
907 3652 943 3706 ad
959 3649 1114 3715 Dominum,
1137 3647 1279 3723 auferetur
1296 3648 1424 3705 uolumen.

377 3749 503 3824 Vulgata
526 3748 612 3805 etiam
638 3748 733 3814 habet,
757 3749 907 3824 auferetur.
951 3747 995 3803 At
1021 3748 1050 3804 in
1074 3746 1222 3804 (lesinensi
1250 3746 1347 3804 codice
1371 3754 1424 3812 est,

375 3848 511 3922 aufertur.

416 3942 423 3985 ¹
439 3943 612 4012 Cssinensis,
628 3944 706 4017 quod,
722 3943 795 3999 mals
808 3943 901 4000 lectio.

416 4053 439 4083 ¹¹¹
461 4043 560 4100 Codex
576 4041 735 4106 Bobiensis,
750 4041 879 4097 abscessit
895 4041 982 4097 ulto?
1005 4040 1181 4104 Quamobrem
1195 4057 1260 4113 erqo
1274 4039 1301 4093 in
1316 4037 1422 4092 ludier-

373 4144 444 4180 uum.

414 4231 429 4261 ¹¹
445 4221 524 4277 Idem
539 4220 603 4277 cod.
618 4238 702 4295 supro
716 4238 764 4275 cor
777 4238 878 4275 eorum.
914 4219 985 4276 Hac
998 4228 1048 4274 est.

413 4317 523 4372 ⁰ldem
543 4317 644 4380 codex,
660 4318 698 4372 nit
713 4316 783 4372 euim
798 4317 926 4390 iutelliqe,
942 4324 971 4372 et
984 4335 1060 4378 mox,
1076 4314 1201 4372 deludo.

412 4424 428 4467 Ρ
450 4414 523 4470 Cod.
539 4414 659 4470 Bobien.
675 4415 707 4470 de
718 4415 829 4489 femore
842 4415 900 4486 ejus
914 4432 1047 4488 usquequo
1061 4415 1161 4476 veniat,
1177 4412 1223 4486 qul
1241 4419 1292 4466 est.
1328 4413 1420 4466 Caete-

413 4558 420 4581 ¹
437 4552 608 4627 Eph.v.14.
712 4556 720 4579 ¹
737 4571 752 4608 2
770 4551 838 4609 Cor.
854 4552 892 4609 iii.
910 4563 1037 4625 14-17.
1141 4554 1150 4584 ⁵
1165 4549 1239 4605 Gen.
1256 4547 1323 4602 xlix.
1337 4564 1380 4601 10.

411 4656 420 4682 ⁴
445 4649 616 4722 [Prudentio
630 4650 752 4707 Murano
766 4651 827 4707 viro
842 4648 1006 4706 doctissimo
1021 4647 1057 4704 nd
1071 4646 1088 4702 J
1093 4645 1175 4702 ustini
1197 4643 1281 4718 Apol.
1297 4643 1314 4698 i.
1331 4645 1355 4712 l.
1370 4657 1420 4713 3²·
