3817 5692
808 710 1109 774 DISPUTATIO
1442 711 1485 778 65

431 882 629 980 ἐπιθυμίας,
648 883 707 960 καὶ
734 880 793 960 διὰ
821 890 926 960 τοῦτο
945 880 1134 983 ’ἁπλοὶριοι
1152 890 1399 982 προσκυνοῦσι
1417 882 1482 978 τὴν

430 1006 627 1105 ἐπιθυμίαν,
666 1005 760 1087 θεὸν
796 1004 907 1105 aritio
944 1008 1143 1106 ἡγούμενοι.
1208 1011 1298 1109 Περὶ
1340 1007 1378 1086 δὲ
1418 1016 1482 1087 τοῦ

430 1130 551 1230 Ἀδὰμ
592 1139 671 1216 πῶς
711 1134 870 1233 ἐκτίσθη,
908 1134 1006 1234 λέγει
1043 1135 1166 1216 οὗτος.
1216 1134 1270 1211 im
1308 1136 1327 1212 ὁ
1364 1134 1483 1232 εἰπὼν,

430 1263 555 1352 Δεῦτε,
575 1260 634 1336 καὶ
660 1258 869 1358 ποιήσωμεν
897 1258 1087 1360 ἄνθρωπον
1117 1261 1192 1337 κατ’
1214 1257 1329 1338 εἰκόνα
1356 1260 1479 1357 ἡμετέ-

429 1417 508 1483 ραν,
533 1386 591 1462 καὶ
624 1388 701 1463 καθ
728 1383 958 1483 &noiomi
989 1387 1066 1464 καθ
1092 1383 1138 1481 ἢν
1165 1385 1301 1483 εἴδομεν
1327 1384 1482 1490 μορφὴν,

425 1506 578 1614 Ἄρχων
609 1512 718 1607 ε’στὶν,
747 1513 767 1589 ὁ
799 1508 907 1590 εἰπὼν
938 1518 1013 1593 τοῖς
1043 1511 1171 1612 ἑτέροις
1186 1509 1401 1615 Ἀρχουσιν,
1428 1512 1483 1589 ι”ντι

432 1638 542 1732 δεῦτε,
561 1634 641 1715 δότε
666 1671 728 1735 μοι
752 1639 792 1715 ἐκ
816 1645 880 1717 τοῦ
905 1635 1036 1741 φωτὸς,
1055 1636 1096 1715 οὗ
1114 1636 1302 1734 ἐλάβομεν,
1322 1640 1379 1716 καὶ
1396 1671 1479 1716 ποι·

432 1763 579 1865 ἧσωμεν
611 1766 799 1871 ἄνθρωπον
832 1765 923 1845 κατὰ
957 1764 1024 1865 τὴν
1050 1766 1151 1864 ἡμῶν
1178 1772 1251 1844 τῶν
1276 1764 1483 1869 Ἀρχόντων

432 1892 589 1999 μορφὴν,
609 1895 707 1973 ’καθ’
726 1891 771 1993 ἣν
789 1894 936 1992 εἴδομεν,
961 1895 982 1972 ὁ
1010 1895 1088 1972 ἐστὶ
1115 1898 1256 1996 πρῶτος
1281 1892 1480 1993 ἅνθρωποι·

431 2084 580 2158 scentiae3
612 2093 647 2150 et
675 2092 857 2171 propterea,
882 2085 929 2148 in·
983 2107 1081 2170 quam
1127 2084 1270 2148 videmus
1321 2084 1480 2158 formam3

432 2170 514 2254 quit,
542 2170 765 2256 2simpliciores
793 2172 931 2235 adorant
983 2171 1097 2235 Prinee
1120 2193 1136 2234 s
1158 2177 1217 2245 est,
1237 2170 1291 2255 qui
1313 2170 1381 2234 haeo
1403 2170 1482 2235 dicit

431 2256 727 2341 concupiscentiam,
738 2257 846 2321 Deum
860 2276 931 2320 eam
981 2257 1024 2320 ad
1048 2278 1086 2319 oo
1109 2277 1185 2341 agas
1208 2277 1282 2319 suos
1309 2256 1481 2340 Principes,

431 2348 590 2425 putantes.
642 2341 692 2406 De
721 2341 827 2405 Adam
856 2362 931 2405 vero
981 2341 1015 2404 id
1034 2348 1094 2415 est,
1113 2340 1228 2415 venite,
1245 2342 1320 2405 date
1342 2340 1419 2403 mihi
1442 2343 1482 2407 de

431 2426 590 2574 ppomodo
618 2438 744 2493 creatus
779 2429 833 2503 sit,
862 2426 932 2491 ⁸ita
981 2426 1108 2503 lumine,
1131 2427 1217 2511 quod
1239 2426 1426 2510 accepimus,
1447 2434 1482 2491 et

456 2511 522 2588 eit,
548 2513 622 2597 quia
651 2514 706 2598 qui
731 2512 828 2585 dicim
855 2512 930 2575 'Vc-
981 2512 1133 2577 faciamus
1172 2513 1345 2575 secundum
1380 2525 1480 2576 enos·

429 2596 502 2672 nto,
523 2598 683 2680 sociamus
712 2598 859 2662 homiaem
887 2596 933 2660 od
980 2604 1074 2673 tram,
1095 2596 1151 2682 qui
1174 2596 1338 2681 Principes
1362 2618 1480 2674 sumus,

429 2679 601 2766 ι’πιαρίιιοια,
633 2693 663 2748 st
695 2683 930 2747 similitudinem
981 2682 1125 2754 somnam,
1150 2688 1184 2744 et
1206 2682 1377 2744 secundum
1399 2703 1480 2757 eam,

429 2776 564 2832 seuram
605 2768 803 2834 bsecundum
848 2788 931 2846 eam,
981 2788 1077 2852 qnam
1091 2765 1340 2849 videmus‚quod
1355 2774 1404 2829 eat·
1419 2767 1481 2850 pri-

472 2947 486 2978 ²
506 2939 584 3008 Quid
603 2939 772 2997 Mauichaeis
793 2940 935 3013 ἁπλορίον,
950 2958 1008 2995 vox
1028 2938 1213 3013 significaret,
1235 2936 1365 2994 Eruditis
1385 2939 1480 3013 explo-

429 3038 551 3095 randum
565 3038 680 3113 reliquit
694 3037 837 3095 Patavina.
879 3036 990 3093 Verum
1011 3036 1067 3092 hoo
1087 3036 1203 3093 nomine
1224 3035 1388 3101 catholicos,
1403 3037 1482 3111 quasi

428 3135 617 3211 simpliciores,
638 3142 671 3191 nt
694 3134 827 3209 antiquus
853 3134 960 3191 latinns
983 3133 1124 3209 interpres
1147 3134 1294 3191 transtulit
1317 3134 1353 3191 ab
1375 3135 1482 3192 eisdem

430 3230 595 3307 designatos
618 3229 705 3287 fnisse
730 3249 767 3287 ex
792 3229 1046 3294 anathematismis,
1072 3249 1143 3305 qnos
1170 3230 1238 3287 oiim
1265 3230 1340 3304 apud
1364 3230 1481 3287 Graecos

429 3327 540 3403 publice
562 3327 731 3385 emittebant
745 3327 871 3385 Manetis
892 3328 1018 3393 asseclae,
1033 3328 1070 3385 ad
1083 3328 1251 3385 catholicam
1266 3328 1351 3384 fidem
1365 3328 1481 3384 venien·

429 3433 474 3482 tes
496 3425 596 3499 probat
610 3424 777 3500 Ducangius
800 3424 829 3480 in
849 3423 997 3481 Glossario
1019 3424 1128 3489 mediae,
1143 3433 1172 3481 et
1190 3424 1295 3481 infimae
1310 3424 1480 3481 Graecitatis.

430 3520 509 3579 Male
527 3532 623 3579 autem
641 3522 671 3578 in
687 3522 826 3579 Caesareae
845 3521 1027 3579 bibliothecas
1050 3520 1155 3596 scripto
1176 3522 1283 3585 codice,
1298 3540 1334 3577 ex
1348 3541 1403 3595 quo
1417 3541 1480 3578 eos·

430 3618 495 3675 dem
510 3619 762 3676 anathematismos
777 3637 794 3675 a
808 3618 965 3675 clarissimo
979 3618 1041 3674 viro
1050 3618 1160 3675 Jacobo
1173 3617 1264 3674 Tollio
1278 3617 1480 3677 humanissime

430 3714 588 3789 descriptos
611 3716 713 3779 haheo,
735 3734 788 3789 pro
811 3716 963 3788 ἁπλορίους,
986 3714 1119 3772 scribitur
1142 3713 1323 3786 ἁπλανορίοος.
1365 3715 1481 3772 Meliori

429 3821 527 3869 tamen
536 3812 674 3869 vocabulo
689 3832 738 3869 eos
752 3813 949 3885 ἁπλουστέρους
960 3822 1043 3870 νοσοῖ
1054 3812 1157 3868 Manes
1171 3812 1200 3867 in
1215 3811 1334 3886 epistola
1348 3813 1383 3868 ad
1398 3814 1477 3870 Mar-

430 3909 532 3966 cellum
547 3910 674 3983 saperius
688 3909 786 3967 relata.

472 4005 589 4062 ⁸Idem
609 4006 699 4062 codex
716 4003 903 4078 (Bobieusis),
926 4007 965 4061 ita
986 4006 1063 4061 dicit.
1104 4004 1206 4060 Venite.
1243 4003 1302 4062 Sed
1320 4004 1381 4063 haec
1401 4025 1480 4064 mera

430 4109 474 4159 est
498 4101 604 4158 librarii
632 4101 823 4159 hallucinatio.
866 4101 1008 4159 Caeterum
1034 4101 1131 4158 dolose
1160 4111 1324 4176 corruptum
1348 4102 1434 4160 fuisse
1462 4123 1479 4159 a

431 4197 548 4254 Manete
567 4198 643 4254 hunc
658 4197 804 4255 Geneseos
826 4198 920 4254 locum
941 4198 1085 4255 additione
1104 4198 1190 4263 vocis,
1215 4200 1310 4263 venite,
1333 4192 1414 4255 testis
1434 4208 1478 4256 est

430 4293 605 4368 Epiphanius
619 4314 695 4352 num.
712 4296 758 4369 56.

472 4389 484 4423 ¹³
507 4391 586 4448 Idem
601 4392 701 4454 codex,
716 4401 742 4448 et
756 4394 907 4448 seeundum.

470 4497 483 4529 ⁰
505 4487 605 4546 Codex
619 4489 776 4555 Bobieusis,
792 4498 919 4554 nostram,
935 4509 995 4565 pua.
1017 4491 1100 4547 lectio
1115 4490 1308 4563 improbanda.

511 4640 518 4663 ¹
541 4634 613 4692 Gen.
628 4636 646 4692 i.
659 4636 705 4692 26.
861 4642 867 4665 ¹
893 4636 972 4709 [For.
985 4638 1025 4692 καὶ
1039 4637 1093 4692 καθ
1108 4637 1138 4707 ἣν
1153 4635 1263 4706 εἴδομεν,
1279 4635 1293 4688 ὅ
1307 4636 1388 4708 lori]

473 4751 541 4793 Ἴθι.
557 4752 586 4792 V.
942 4752 965 4793 Κ
