3817 5692
501 715 544 776 48
727 713 982 777 ARCHELAI
1007 714 1072 776 ET
1097 712 1318 776 MANETIS
1420 768 1423 773 .

501 881 645 950 rendam
674 880 718 951 ad
746 903 841 965 eum,
869 904 890 949 a
917 904 988 972 quo
1015 882 1112 973 prius
1141 883 1216 973 ipse
1246 879 1461 972 pertulerat:
1488 879 1549 949 ille

502 1018 585 1065 vero
602 996 647 1064 ad
664 1017 747 1063 eum
770 996 884 1065 redire
908 996 1049 1087 penitus
1071 994 1323 1079 reluctabatur,
1340 1017 1477 1065 memor
1493 995 1551 1065 iti-

502 1112 594 1180 neris
611 1109 782 1192 laborum,
800 1119 838 1180 et
855 1110 1003 1204 rogabat
1027 1109 1137 1179 alium
1163 1132 1226 1201 pro
1250 1131 1288 1179 se
1311 1109 1425 1203 dirigi,
1443 1110 1551 1181 abne·

501 1249 588 1320 gans
606 1223 718 1297 ¹ultra
740 1224 806 1295 sibi
824 1221 891 1294 ¹‘ad
908 1248 991 1295 eum
1018 1223 1227 1308 rediturum,
1245 1232 1308 1295 aut
1332 1225 1550 1294 communio-

502 1365 584 1411 nem
615 1364 697 1411 cum
727 1364 769 1410 eo
799 1339 954 1433 aliquam
985 1340 1175 1410 facturum·
1231 1338 1426 1412 Marcellus
1456 1363 1550 1424 vero,

503 1458 617 1528 accito
643 1480 714 1525 uno
737 1479 782 1525 ex
808 1455 925 1548 pueris
950 1456 1033 1536 suis,
1051 1452 1200 1524 Callisto
1220 1456 1375 1537 nomine,
1393 1454 1552 1546 precipit

504 1569 684 1663 proficisci,
711 1571 770 1661 qui
800 1567 888 1638 nihil
916 1578 1083 1650 moratus,
1112 1566 1207 1638 illico
1235 1569 1487 1661 proficiscitur;
1512 1576 1551 1639 et

504 1694 583 1776 post
601 1685 756 1754 triduum
783 1683 945 1777 pervenit
968 1683 1013 1753 ad
1032 1681 1193 1766 Manem,
1211 1705 1318 1774 quern
1342 1684 1380 1752 in
1405 1681 1551 1753 castello

505 1802 657 1892 quodam
671 1797 893 1868 ¹¹¹Arabi0nis
910 1797 1050 1890 reperit,
1063 1806 1171 1889 atque
1188 1797 1373 1890 epistolam
1390 1800 1551 1881 tradidit3

503 1938 574 2006 qua
599 1914 659 1984 ille
684 1913 849 2007 perlecta,
866 1915 1007 2007 gavisus
1029 1923 1095 1996 est,
1116 1937 1138 1984 a
1160 1912 1334 1984 Marcello
1360 1914 1552 1984 invitatum

503 2051 542 2099 se
565 2052 650 2109 esse,
668 2051 709 2098 ac
734 2030 809 2098 sine
835 2051 933 2099 mora
958 2030 1028 2098 iter
1053 2028 1208 2098 invadit:
1234 2027 1408 2100 Turbonis
1431 2038 1552 2099 tamen

504 2143 776 2214 remorationem
803 2166 874 2213 non
897 2166 1098 2236 prosperam
1124 2143 1364 2237 ”praesagitus
1387 2153 1426 2213 et
1453 2145 1552 2236 quasi

504 2254 685 2327 ²consult0
702 2259 828 2327 itinere
845 2258 888 2328 ad
908 2257 1122 2328 Marcellum
1141 2259 1306 2351 perrexit.
1332 2259 1452 2330 Turbo
1468 2281 1552 2329 vero

506 2373 551 2442 de
579 2370 743 2441 Marcelli
771 2372 876 2442 domo
904 2394 1045 2464 prorsus
1073 2395 1145 2441 non
1172 2373 1386 2456 discedebat,
1414 2397 1480 2443 nec
1507 2373 1552 2444 ab

506 2485 673 2557 Archelai
708 2486 861 2579 episcopi
900 2486 1186 2557 confabulatione
1223 2490 1405 2559 cessabat:
1449 2487 1552 2558 valde

505 2602 601 2671 enim
628 2603 784 2672 studiose
809 2612 960 2693 uterque
982 2604 1027 2672 de
1049 2602 1239 2672 Manichaei
1261 2604 1387 2673 studiis
1412 2603 1553 2695 perqui-

505 2718 640 2799 rebant,
658 2717 748 2787 scire
769 2717 963 2809 cupientes,
982 2718 1042 2809 qui
1068 2719 1124 2797 sit,
1143 2718 1249 2801 unde,
1268 2717 1324 2787 vel
1350 2719 1436 2810 quid
1454 2719 1553 2790 verbi

506 2838 606 2908 ferat.
658 2835 711 2905 At
733 2836 794 2906 ille
817 2838 980 2906 universa
1004 2836 1159 2907 dilucide
1185 2837 1371 2920 enarravit,
1388 2846 1553 2928 repetens

505 2962 543 3024 et
560 2976 740 3046 exponens
758 2952 802 3021 de
819 2953 889 3022 fide
906 2952 982 3044 ejus
999 2951 1066 3021 hoo
1084 2952 1202 3021 modo.

558 3095 646 3168 VII.
674 3094 718 3168 Ei
736 3087 801 3187 τὴν
819 3098 883 3168 τοῦ
903 3088 1015 3189 Μάνη
1038 3091 1164 3168 πίστιν
1181 3087 1305 3168 θέλετε
1322 3094 1449 3187 μαθεῖν
1466 3090 1550 3190 παρ’

505 3213 600 3309 ἐμοῦ,
631 3212 809 3293 ἀκούσατε
840 3213 1037 3313 συντόμως.
1076 3215 1178 3297 οὗτος
1210 3213 1274 3293 δύο
1305 3215 1407 3309 σέβει
1439 3211 1553 3296 θεοὺς

550 3366 631 3432 VII.
654 3369 817 3435 ⁰Sifldem
834 3371 1005 3435 Manichaei
1049 3370 1170 3435 audite.
1205 3369 1268 3433 Hic
1284 3371 1364 3433 duos
1378 3369 1454 3433 colit
1466 3369 1553 3432 Deos

506 3451 844 3535 discereamevultis3
868 3456 1007 3520 breviter
1050 3455 1189 3532 innatos,
1200 3477 1240 3518 ex
1251 3454 1429 3538 semetipsis
1440 3461 1552 3518 extan-

505 3611 645 3684 epistolam
672 3612 802 3687 am'ptnm
830 3619 909 3685 utque
938 3611 1073 3686 sipontum
1101 3609 1225 3666 tradebat
1257 3609 1377 3668 Turboni
1394 3608 1550 3682 ferendona.

507 3707 681 3781 Epiphanius
694 3708 800 3783 pariter
812 3708 892 3783 legit,
907 3708 977 3764 aiem
987 3726 1039 3783 per
1052 3706 1192 3781 epistolum
1201 3706 1364 3781 promieistr'.
1394 3705 1471 3763 Vale.

548 3803 561 3842 ¹¹
584 3804 656 3862 Cud.
675 3804 832 3870 Bobieusis‚
847 3805 884 3860 nd
903 3804 979 3861 illurn
1001 3822 1180 3868 reversurum,
1201 3811 1248 3860 out
1269 3803 1474 3859 communionem
1493 3821 1552 3859 oum

506 3917 537 3957 eo
551 3901 668 3975 aliquam
673 3900 752 3975 sore.

546 4006 570 4037 ¹²¹
585 3995 741 4054 Castellum
755 3998 810 4054 hoc
823 4006 902 4054 nans
915 3996 1031 4053 fluvium
1046 3994 1200 4071 Strangam
1214 3995 1300 4052 situm
1313 3994 1400 4052 fuisse
1415 3996 1444 4052 in
1458 3995 1553 4052 medio

505 4092 655 4150 Persarum
669 4103 698 4152 et
708 4094 935 4169 Mesopotamiae,
947 4093 987 4150 ait
1001 4092 1176 4167 Epiphanius
1189 4093 1219 4149 in
1233 4093 1287 4148 hac
1300 4092 1402 4150 haeresi
1416 4112 1495 4149 unm.
1510 4108 1536 4168 7.

547 4199 562 4230 ¹¹
584 4190 685 4247 Codex
699 4190 857 4256 Bobiensis‚
867 4208 1020 4265 preceque.

546 4296 561 4328 ⁰
582 4286 737 4361 Sequentia
754 4306 842 4361 usque
857 4287 892 4343 ad
906 4306 967 4360 cap.
986 4303 1029 4341 η.
1044 4284 1181 4342 verbatim
1203 4304 1296 4360 graece
1317 4285 1414 4343 retulit
1427 4284 1551 4359 Epipha-

505 4402 569 4440 mue
583 4402 661 4439 num.
678 4400 694 4438 2
698 4398 726 4457 5.

534 4536 541 4563 ¹
568 4530 647 4603 [For.
664 4528 807 4601 ultraue]

534 4636 543 4662 ²
558 4629 636 4703 [For.
648 4627 817 4684 inconsulto.
834 4628 976 4693 Ἀβουλος,
987 4626 1156 4699 ἰῃοοςὶαωε,
1167 4626 1352 4683 inconsultus.
1367 4626 1458 4682 Glorr.
1466 4625 1551 4697 Vota]
