3817 5692
499 652 991 775 .102·÷···}.²·{·2[2·iii21in'mi
1016 707 1081 769 na·
1106 706 1326 769 nonanis

507 882 660 950 animam
687 881 900 970 provocarit,
919 901 985 948 neo
1011 878 1085 948 sola
1110 879 1213 948 fovea
1237 878 1282 948 ad
1308 878 1555 970 decipiendum

507 1017 590 1064 eum
621 996 674 1063 uti
704 994 829 1076 voluit,
860 996 888 1064 si
920 1004 1040 1064 tamen
1075 994 1143 1062 hoo
1174 993 1320 1084 dignum
1354 1002 1409 1063 est
1440 993 1554 1062 faeere

508 1107 638 1189 Deum,
666 1115 705 1177 et
734 1106 834 1176 dolos
864 1108 1074 1206 exquirere?
1118 1108 1167 1178 Et
1197 1109 1289 1177 sicut
1323 1130 1387 1177 rex
1420 1108 1554 1200 aliquis,

507 1222 601 1293 bello
622 1224 688 1293 sibi
711 1222 823 1304 illato,
841 1245 1062 1314 nequaquam
1087 1226 1226 1315 propria
1243 1225 1376 1293 virtute
1394 1224 1554 1305 confisus,

507 1338 569 1408 sed
594 1338 847 1408 imbecillitatis
872 1360 947 1409 suae
969 1339 1096 1407 timore
1121 1341 1338 1430 perterritus,
1356 1341 1465 1410 muris
1482 1342 1556 1431 ipse

506 1454 603 1524 urbis
620 1452 787 1536 inclusus,
804 1453 934 1523 vallum
956 1453 1095 1544 aliaque
1117 1454 1339 1522 munimenta
1362 1454 1554 1538 eimundat,

507 1592 550 1639 ao
574 1576 758 1660 praeparat,
783 1570 915 1650 manui,
938 1591 980 1638 ao
998 1568 1129 1638 viribus
1154 1567 1242 1636 nihil
1268 1568 1400 1649 fidens;
1426 1569 1556 1639 sivero

507 1686 561 1753 vir
579 1684 679 1753 fortis
697 1683 753 1761 sit,
770 1684 879 1753 etiam
897 1705 999 1774 porro
1022 1706 1044 1753 a
1067 1684 1139 1752 suis
1155 1682 1284 1751 finibus
1309 1682 1345 1750 in
1371 1704 1554 1752 occursum

508 1798 602 1867 hosti
619 1797 790 1889 procedit,
808 1805 845 1865 et
866 1798 940 1889 agit
959 1798 1086 1874 omnia,
1105 1819 1287 1887 usquequo
1305 1797 1423 1865 vineat
1440 1806 1478 1865 et
1495 1797 1557 1866 ob-

509 1917 621 1986 tineat
637 1914 885 1985 adversarium.

559 2029 709 2100 XXVI.
731 2026 889 2098 Junrcss
916 2045 1123 2105 nrxnnnnr,
1146 2024 1183 2094 Si
1210 2027 1262 2095 ais
1286 2034 1461 2118 pastorem
1487 2027 1556 2096 hae·

508 2144 605 2224 dum,
623 2144 697 2213 sive
724 2164 855 2233 agnum
882 2140 974 2209 leoni
1003 2141 1198 2231 projecisse,
1216 2162 1299 2209 oum
1321 2139 1382 2209 ille
1407 2141 1555 2210 irruerat

508 2257 692 2326 adversum
711 2256 920 2347 ingenitum,
933 2264 1053 2324 aetum
1073 2265 1137 2324 est.
1190 2253 1306 2337 Quem
1325 2255 1420 2323 enim
1438 2263 1555 2345 potest

502 2372 662 2462 judicare
687 2380 807 2463 pastor
830 2372 1022 2451 haedorum,
1042 2381 1148 2463 atque
1174 2393 1356 2464 agnorum,
1374 2393 1456 2441 cum
1479 2370 1554 2460 ipse

508 2489 708 2558 inveniatur
737 2490 788 2558 eis
817 2490 854 2558 in
884 2488 1025 2570 delicto,
1057 2489 1103 2557 ¹si
1132 2511 1237 2558 cansa
1266 2488 1417 2557 traditus
1444 2488 1551 2557 etiam

507 2626 619 2696 agnus
645 2627 706 2694 per
727 2604 969 2673 infimritatem
995 2605 1144 2695 pastoris
1168 2604 1330 2672 resistere
1356 2625 1426 2671 non
1444 2601 1554 2671 valuit

507 2716 612 2798 leoni,
631 2727 668 2786 et
685 2739 901 2808 consequens
924 2725 990 2797 est,
1007 2724 1049 2785 ut
1072 2717 1307 2808 quodeunque
1332 2718 1439 2785 fuerit
1460 2716 1552 2785 leoni

507 2833 662 2915 libitum,
678 2843 801 2925 gerat;
827 2840 995 2923 tanquam
1019 2833 1046 2900 si
1074 2832 1238 2901 dominus
1264 2853 1375 2901 unum
1401 2855 1422 2899 e
1447 2831 1554 2900 servis

508 2949 580 3019 suis
605 2951 768 3040 ejectum,
785 2948 843 3018 vel
868 2970 931 3040 per
956 2957 1093 3017 metum
1117 2947 1236 3017 tradat
1259 2947 1457 3017 adversario
1479 2969 1553 3027 suo,

508 3087 615 3156 quem
645 3086 763 3134 rursus
792 3064 948 3155 recipere
979 3065 1050 3134 suis
1078 3063 1211 3133 viribus
1239 3053 1310 3132 non
1336 3062 1462 3132 valeat.
1514 3061 1552 3131 Si

508 3204 591 3250 vero
615 3203 698 3251 casu
721 3180 839 3271 aliquo
864 3180 1066 3271 provenerit
1082 3202 1165 3249 eum
1182 3180 1301 3271 recipi,
1319 3202 1389 3270 qua
1409 3179 1552 3248 tandem

507 3296 644 3365 ratione
670 3304 847 3365 tormenta
875 3296 910 3364 ei
939 3296 1071 3387 poterit
1098 3295 1264 3387 irrogare,
1292 3297 1321 3364 si
1349 3294 1395 3364 ad
1425 3294 1551 3373 omnia,

508 3434 584 3503 quae
601 3413 634 3481 ei
651 3411 848 3503 imperabat
865 3412 1040 3490 inimicus,
1054 3410 1209 3502 parebat,
1223 3433 1304 3480 oum
1319 3421 1420 3480 'eum
1438 3410 1551 3502 ipsum

506 3527 691 3596 tradiderit
718 3528 873 3610 inimico,
899 3529 991 3596 siout
1017 3526 1111 3595 leoni
1141 3526 1309 3596 haedum?
1335 3548 1553 3618 praenoseen·

427 3646 429 3650 ’
505 3650 581 3713 tem
606 3644 701 3713 enim
730 3644 854 3713 asseris
879 3663 956 3713 esse
980 3650 1168 3735 pastorem.
1219 3642 1437 3713 Verberatus
1456 3643 1551 3711 enim

504 3780 625 3851 agnus,
651 3767 689 3828 et
718 3759 951 3851 interroganti
982 3780 1021 3828 se
1049 3759 1190 3849 pastori,
1219 3758 1346 3827 curin
1376 3757 1431 3827 his
1459 3756 1551 3827 leoni

503 3875 670 3964 paruerit,
683 3874 894 3964 respondet3
921 3882 962 3942 tu
979 3895 1039 3942 me
1055 3873 1148 3942 leoni
1168 3872 1353 3951 tradidisti,
1366 3894 1433 3940 nec
1451 3873 1551 3940 resti·

503 3989 578 4057 tisti
609 3987 775 4059 adversus
802 4010 897 4073 eum,
921 3990 1046 4071 sciens,
1070 3998 1107 4057 et
1138 3987 1331 4079 praevidens
1358 4010 1434 4078 quae
1463 3984 1550 4054 mihi

502 4104 657 4194 gerenda
674 4105 800 4186 forent,
818 4127 899 4173 oum
917 4104 994 4194 ejus
1016 4125 1075 4171 me
1098 4124 1241 4171 necesse
1258 4110 1351 4171 esset
1368 4103 1551 4191 obtempe-

502 4238 583 4286 rare
603 4218 796 4308 praeceptis.
849 4217 898 4286 Et
923 4240 968 4286 ne
993 4217 1109 4286 muita
1134 4216 1302 4299 dicamus,
1321 4238 1435 4306 neque
1453 4216 1551 4284 Deus

503 4332 680 4423 perfectus
704 4341 823 4424 pastor
845 4333 1054 4413 ostenditur,
1070 4355 1186 4424 neque
1212 4332 1269 4401 leo
1294 4331 1428 4402 alienos
1453 4330 1550 4400 eibos

789 4517 803 4546 ²
817 4504 903 4561 Forte
917 4506 1080 4580 legendum.
1096 4524 1154 4560 eum
1169 4506 1235 4579 ipse.

708 4632 714 4654 ¹
732 4625 809 4692 (For.
826 4626 939 4699 legend.
955 4627 1013 4682 sive
1027 4644 1107 4683 com
1118 4628 1135 4681 Ρ
1148 4627 1304 4695 Traditus.)
