3817 5692
658 708 900 773 RESPONSA
927 707 993 770 AD
1018 708 1282 771 EPISCOPOS.
1423 711 1487 775 273

437 881 504 950 sub
520 881 644 950 eodem
664 881 839 972 baptismo
858 880 1087 973 justificatur,
1105 903 1185 950 cum
1211 903 1248 949 se
1272 882 1419 972 quisque
1442 882 1486 951 ad

438 995 556 1064 Deum
576 997 689 1065 veraci
708 997 813 1066 corde
831 996 1056 1075 converterit,
1074 996 1140 1065 sub
1161 1020 1231 1088 quo
1248 997 1485 1088 judicabatur,

437 1112 577 1201 quando
595 1111 630 1180 id
649 1112 824 1203 accipiens
841 1111 969 1182 soeculo
990 1110 1073 1180 solis
1090 1112 1205 1182 verbis
1229 1123 1267 1181 et
1290 1134 1360 1181 non
1384 1112 1486 1183 factis

436 1228 709 1297 renuntiaverat.

485 1340 641 1412 Pusillus
658 1366 679 1412 a
697 1343 872 1413 Lamasba
888 1342 1000 1412 dixit:
1026 1340 1103 1438 Epo
1124 1341 1225 1413 oredo
1242 1341 1410 1435 baptismo
1430 1366 1607 1430 ,sa-cama

434 1453 546 1528 lutura
571 1481 640 1526 ooo
662 1481 732 1528 esse
754 1458 826 1527 nisi
849 1458 887 1526 in
903 1455 1060 1527 Ecclesia
1077 1455 1252 1530 catholico.
1306 1457 1487 1552 Quidquid

434 1568 558 1663 ubsque
576 1569 889 1666 Catholioofuoril,
907 1569 1084 1643 simulatio
1101 1581 1158 1642 est.

486 1686 568 1758 Hos
598 1690 741 1780 quidem
770 1710 891 1757 verum
921 1697 986 1769 est,
1013 1689 1108 1779 quod
1139 1685 1305 1782 baptismo
1334 1687 1485 1761 solutore

434 1826 503 1872 non
538 1804 610 1873 uisi
643 1804 681 1873 io
714 1800 871 1874 Eoolosio
904 1800 1071 1873 catholieo
1104 1811 1164 1874 asi.
1229 1803 1354 1874 Potest
1388 1806 1482 1875 enim

433 1920 548 2010 ipsum
566 1940 642 1989 esse
660 1928 697 1988 et
714 1927 818 1989 extra
834 1915 1066 1999 catholicam,
1084 1920 1146 1989 sed
1170 1918 1322 1989 salutare
1340 1942 1411 1989 non
1428 1930 1483 1990 est

433 2034 503 2115 ibi;
530 2036 700 2126 quianon
718 2036 767 2105 ibi
785 2044 950 2127 operatur
974 2034 1145 2106 salutem:
1172 2035 1263 2104 siout
1285 2033 1347 2103 illa
1369 2034 1606 2105 bonumve-1¹·

433 2149 520 2219 odor
536 2148 667 2220 Christi
684 2169 766 2220 ‘non
791 2159 846 2221 est
871 2151 996 2242 utique
1022 2148 1184 2220 salutaris
1206 2151 1243 2219 in
1266 2150 1309 2219 iis
1326 2150 1387 2241 qui
1405 2172 1483 2242 per·
1494 2116 1531 2166 ’δ’

433 2275 532 2347 eunt,
550 2289 620 2334 non
638 2288 702 2335 suo
720 2266 817 2345 vitio,
831 2266 893 2335 sed
910 2264 1063 2335 illorum.
1098 2262 1287 2337 Simulatio
1304 2274 1353 2335 est
1369 2274 1481 2336 autem

434 2378 604 2474 quidquid
632 2388 731 2450 euleu
759 2378 972 2453 Catholioom
992 2378 1121 2474 suerit,
1147 2381 1208 2451 aad
1239 2382 1276 2450 in
1307 2391 1480 2472 quantum

433 2517 503 2564 non
521 2505 576 2565 est
599 2495 825 2566 catholicum.
877 2496 1002 2566 Potest
1027 2505 1149 2565 autem
1174 2495 1308 2587 aliquid
1334 2495 1482 2567 catholi-

433 2633 514 2680 cum
548 2633 624 2681 esse
661 2621 764 2681 extra
797 2610 1029 2690 Catholicam‚
1064 2612 1155 2681 sicut
1195 2612 1312 2702 potuit
1351 2634 1480 2682 nomen

433 2722 563 2795 Christi
594 2748 670 2796 esse
700 2734 801 2796 extra
830 2728 1141 2820 congregationem
1171 2724 1313 2807 Christi,
1345 2727 1382 2794 in
1411 2749 1569 2817 quonmr
1578 2755 1611 2803 rx.

433 2841 576 2911 nomine
605 2839 762 2933 pellebat
791 2841 963 2911 damonia
991 2841 1064 2925 ille,
1094 2843 1154 2933 qui
1185 2863 1267 2910 cum
1301 2831 1531 2933 discipulis³⁷·

433 2981 504 3028 non
534 2959 759 3051 sequebatur.
813 2957 909 3027 Nam
940 2956 1119 3027 simulatio
1149 2958 1257 3027 etiam
1288 2957 1326 3026 in
1350 2957 1481 3026 Catho-

431 3074 500 3144 liea
527 3096 603 3143 esse
630 3082 757 3167 potest,
776 3075 812 3143 in
837 3072 893 3143 his
919 3074 1053 3165 utique,
1071 3074 1131 3165 qui
1153 3072 1281 3143 saeaulo
1298 3072 1425 3155 verbis,
1442 3081 1480 3141 et

432 3213 502 3261 non
520 3190 622 3261 factis
639 3190 852 3271 renuntiant,
871 3211 936 3259 neo
960 3199 1081 3260 tamen
1106 3198 1160 3259 est
1183 3188 1357 3259 catholiea
1374 3189 1482 3258 simu-

432 3304 527 3375 latio.
580 3304 683 3376 Siout
714 3328 797 3398 ergo
831 3314 886 3374 est
916 3305 952 3373 in
983 3302 1169 3375 Catholiaa
1197 3304 1292 3394 quod
1322 3326 1394 3373 non
1424 3314 1480 3374 est

431 3420 657 3504 catholicum,
676 3422 724 3491 sie
741 3428 861 3512 potest
877 3428 980 3490 extra
996 3417 1218 3491 Catholicam
1244 3419 1377 3511 aliquid
1403 3441 1479 3491 esse

430 3536 656 3607 catholicum.

482 3651 667 3723 Salvianus
687 3677 708 3724 a
726 3652 920 3724 Gazaufala
945 3653 1056 3723 dixit:
1083 3648 1278 3722 Horatioos
1304 3649 1396 3721 aiiii
1417 3648 1601 3729 ho-crmo.

431 3764 506 3835 bero
523 3776 675 3847 coastat:
701 3778 732 3838 el
757 3768 834 3839 ideo
859 3767 907 3838 od
930 3791 993 3839 uos
1018 3768 1167 3850 veniunt,
1186 3776 1223 3837 ut
1238 3768 1375 3861 possint
1391 3768 1480 3838 oooi·

426 3904 511 3973 pare
528 3881 621 3974 quod
635 3904 705 3952 uon
724 3879 910 3953 'iubebunt

482 3995 771 4086 Respondemus:
797 3999 880 4067 Non
910 4009 993 4068 sunt
1023 4022 1106 4092 ergo
1136 3999 1290 4068 haeretici
1322 3999 1387 4091 ipsi
1418 3990 1477 4093 qui

430 4111 578 4181 hareses
601 4112 844 4193 condiderunt,
862 4113 924 4203 qui
948 4113 993 4182 ab
1011 4112 1171 4183 Ecclesia
1195 4124 1422 4198 reaesserunt,
1440 4128 1478 4188 et

430 4227 553 4318 utique
570 4225 749 4297 habebant
766 4228 860 4319 quod
885 4227 934 4299 ibi
956 4237 1178 4321 acceperunt.
1230 4228 1336 4313 Quod
1362 4232 1389 4301 si
1416 4232 1478 4301 ah-

429 4340 574 4410 surdum
595 4352 649 4412 est
667 4343 795 4427 dicere,
813 4354 854 4413 ut
871 4343 922 4414 illi
946 4367 1017 4414 non
1034 4345 1105 4414 siut
1121 4344 1292 4425 haeretiai,
1310 4367 1373 4437 per
1390 4369 1477 4438 quos

429 4457 538 4525 ceteri
557 4457 647 4527 liunt
666 4458 840 4543 haeretiei3
862 4467 981 4553 potest
994 4459 1069 4530 fieri
1084 4469 1124 4529 ut
1138 4460 1327 4531 haeretious
1339 4460 1476 4543 habeat.

428 4592 500 4661 quo
517 4569 611 4641 male
628 4573 761 4643 utendo
779 4574 965 4667 dispereat.

551 4713 559 4738 ¹
577 4709 711 4783 [Praestat
724 4712 822 4771 hadent
836 4716 900 4774 eod.
915 4716 989 4772 alter
1002 4732 1092 4780 meus,
1109 4723 1139 4773 ut
1154 4673 1339 4814 Cyprianus]

471 4809 543 4850 von.
560 4810 589 4851 v.
937 4815 958 4854 Ν
974 4814 995 4854 n
