3817 5692
517 690 582 749 248
886 685 916 744 S.
935 681 1207 745 AUGUS'I'INI

518 868 652 930 ettam
679 857 794 926 multa
822 858 975 947 ipsorum
994 863 1160 946 'opernm
1192 855 1288 922 intus
1316 861 1501 944 tamquam
1534 853 1573 921 in

518 974 619 1066 palea
643 976 847 1052 tolerantur,
866 984 903 1040 et
921 981 1042 1040 tamen
1067 992 1178 1038 unum
1205 968 1382 1060 baptisma
1403 968 1575 1037 omnibus

520 1102 585 1171 est,
603 1090 697 1181 quod
717 1088 814 1158 nullo
832 1087 1027 1178 iniquitatis
1044 1108 1150 1177 opere
1170 1083 1328 1154 violatur.

357 1209 469 1266 “Amo
574 1204 783 1274 Vincentius
800 1227 822 1272 a
838 1203 980 1272 Thibari
999 1201 1112 1270 dixit:
1138 1197 1332 1269 Hccretieos
1353 1198 1481 1268 seimus
1497 1221 1573 1269 esse

512 1321 657 1414 pejores,
676 1344 776 1414 quom
800 1317 961 1389 ethnicos.
1011 1315 1057 1389 Si
1077 1316 1231 1387 conversi
1251 1314 1299 1385 orl
1313 1314 1428 1386 Deum
1450 1316 1573 1386 venire

520 1436 697 1518 coluerint,
720 1434 982 1528 teterrimique
1004 1430 1156 1528 requlom
1182 1431 1348 1512 veritatis,
1372 1454 1472 1524 quom
1491 1428 1573 1501 Do-

519 1552 634 1622 minus
662 1558 835 1645 praecepto
864 1548 983 1619 divino
1016 1546 1192 1618 mondo-sit
1220 1544 1409 1639 Apostolis,
1440 1544 1571 1628 dicens,

357 1682 435 1728 Marci
445 1681 493 1728 xvi·
521 1666 583 1751 Ite,
601 1668 638 1737 in
656 1668 794 1737 contine
817 1688 889 1736 meo
912 1688 1049 1734 murro-m
1076 1662 1248 1757 imponite,
1267 1660 1437 1731 doemoaia
1454 1659 1573 1755 erpel-

358 1758 449 1858 iiira.
521 1782 589 1854 lite.
641 1782 689 1852 Et
706 1780 776 1851 olio
793 1780 877 1862 loco,
894 1778 957 1859 Ite,
976 1787 1008 1848 et
1029 1777 1141 1848 docete
1160 1784 1285 1872 pentes,
1305 1777 1493 1872 tinpuentcs
1510 1799 1572 1846 eos

357 1876 440 1923 '‘”ffi'
457 1889 494 1939 '⁹'
522 1900 559 1967 in
588 1898 724 1968 neeriae
747 1895 869 1965 Putris
896 1903 927 1965 et
947 1893 1039 1964 Filii
1062 1901 1093 1963 et
1115 1891 1273 1985 Spiritus
1297 1893 1417 1961 sancti.
1468 1890 1572 1986 Er90

514 2011 633 2103 primo
651 2032 717 2103 per
734 2032 855 2077 inuans
872 2006 1124 2101 impositionem
1145 2006 1183 2073 in
1201 2006 1402 2088 eporcismr),
1418 2005 1569 2076 seeundo

515 2148 580 2219 per
601 2122 760 2217 baptismi
781 2122 1079 2217 repenerotionem‚
1102 2131 1183 2191 trine
1198 2129 1343 2213 possunt
1364 2119 1411 2190 ad
1431 2118 1572 2194 Christi

516 2238 796 2334 pollicitationem
824 2238 962 2316 uenire‚·
987 2235 1076 2306 ulios
1101 2245 1212 2307 autem
1227 2236 1315 2329 sieri
1337 2232 1471 2306 bcersseo
1496 2258 1569 2305 non

520 2354 645 2425 debere.

573 2470 627 2540 Ex
647 2495 716 2563 qua
734 2471 855 2565 regula
872 2473 967 2541 dicat
991 2470 1174 2540 haeretioos
1198 2472 1334 2563 pejores
1359 2492 1434 2539 esse
1460 2491 1568 2559 quam

359 2594 449 2671 ΜΨ·
521 2586 692 2668 ethnicos,
728 2588 872 2668 nescio;
911 2609 994 2656 cnm
1030 2585 1204 2655 Dominus
1238 2587 1342 2667 dicat,
1378 2584 1416 2653 Si
1451 2606 1571 2675 neque

357 2676 389 2707 κν
435 2671 471 2721 '⁷'
524 2701 716 2771 Ecclesiam
752 2701 913 2781 audierit,
944 2703 990 2771 sit
1020 2702 1085 2770 tibi
1120 2711 1301 2792 tamquam
1336 2699 1499 2770 ethnicus
1530 2708 1571 2768 et

522 2818 738 2908 publicanus.
791 2818 850 2886 An
869 2818 977 2914 etiam
996 2817 1057 2885 tali
1076 2818 1261 2887 haereticus
1278 2816 1377 2907 pejor
1392 2814 1470 2885 esti
1498 2812 1571 2883 Ni-

520 2929 570 3001 hil
601 2933 747 3002 resisto:
774 2955 843 3000 non
877 2944 996 3000 tamen
1027 2941 1213 3022 propterea
1242 2932 1325 3022 quia
1355 2932 1429 3023 ipse
1459 2930 1570 2999 homo

521 3048 619 3138 pejor
636 3058 690 3116 est
708 3047 862 3129 ethnico,
880 3047 915 3115 in
939 3057 1003 3128 est,
1021 3046 1146 3139 gentili
1165 3056 1272 3137 atque
1290 3069 1436 3139 pagano,
1454 3068 1572 3115 sacra-

520 3173 679 3230 mentum
700 3164 807 3231 etiam
826 3161 958 3231 Christi
982 3163 1008 3231 si
1033 3163 1126 3252 qnod
1151 3161 1269 3243 habet,
1288 3162 1382 3231 vitiis
1399 3162 1474 3252 ejus
1490 3184 1571 3230 mo-

519 3276 687 3366 ribusque
705 3277 882 3355 miscetur,
900 3286 938 3346 et
961 3277 1084 3345 eadem
1108 3276 1344 3367 permixtione
1361 3283 1568 3366 cormptum

520 3392 622 3481 perit.
675 3390 771 3461 Nam
789 3402 826 3462 et
843 3391 893 3460 illi
913 3393 972 3483 qui
991 3393 1162 3462 recedunt
1180 3393 1224 3461 de
1240 3390 1406 3470 Ecclesia,
1420 3398 1457 3460 et
1474 3388 1569 3458 liunt

521 3504 691 3574 haeresum
715 3528 784 3573 non
802 3515 942 3575 tantum
967 3516 1170 3591 sectatores,
1187 3507 1248 3576 sed
1271 3507 1378 3576 etiam
1406 3502 1569 3573 condito-

521 3641 586 3698 res,
604 3621 632 3689 si
652 3621 727 3710 jam
755 3620 922 3712 baptizati
945 3622 1127 3703 recedunt,
1145 3644 1224 3691 cum
1249 3620 1442 3689 secundum
1460 3618 1567 3686 istam

520 3736 678 3827 regulam
710 3738 844 3827 pejores
878 3739 948 3807 sint
978 3736 1138 3819 ethnicis,
1167 3736 1299 3807 habent
1330 3747 1449 3806 tamen
1479 3734 1566 3826 bap·

521 3850 642 3922 tisma:
671 3874 753 3921 nam
771 3853 799 3921 si
818 3853 965 3922 correcti
985 3853 1139 3932 redeant,
1159 3876 1227 3920 non
1246 3851 1443 3943 accipiunt3
1470 3849 1566 3940 quod

521 3967 549 4037 si
567 3967 773 4049 amisissent,
792 3969 914 4059 utique
931 3968 1142 4059 acciperent.
1187 3966 1312 4036 Potest
1329 3989 1414 4060 ergo
1430 3966 1505 4035 lieri
1525 3974 1568 4033 ut

520 4081 644 4173 aliquis
662 4085 760 4172 pejor
777 4083 822 4151 sit
839 4082 992 4161 ethnico,
1007 4091 1176 4152 ettamen
1195 4082 1230 4150 in
1249 4104 1292 4149 eo
1306 4080 1436 4149 Christi
1454 4102 1568 4149 saera-

562 4381 577 4412 ⁸
591 4370 677 4432 Editi,
693 4371 811 4445 ipsoram
826 4387 915 4443 opero.
949 4371 985 4425 At
1000 4367 1090 4425 MSS.
1106 4369 1224 4442 ipsorum
1239 4386 1356 4443 operum.
1391 4367 1493 4437 (Deest
1508 4386 1566 4422 vox

520 4486 630 4542 operam
644 4465 672 4521 in
687 4464 754 4520 MS.
771 4483 834 4521 meo
848 4464 960 4530 altero.)

561 4564 574 4600 ὓ
589 4563 715 4619 Verbum
730 4580 821 4618 comeo
836 4561 914 4618 aben
930 4580 946 4617 a
961 4560 1049 4619 MSS.
1094 4561 1210 4633 (Itidem
1223 4581 1239 4617 a
1254 4562 1346 4632 meis.)
