3817 5692
437 683 502 743 234
806 682 836 741 S.
854 679 1125 743 AUGUSTINI

440 854 606 934 valerent,
626 852 797 944 eligerent
821 854 938 943 potins
960 852 1120 933 tolerare,
1139 873 1244 942 quam
1263 861 1408 942 propter
1429 873 1498 920 eos

276 994 367 1043 srael.
380 977 600 1041 masanctnm
620 968 708 1037 illud
727 968 906 1037 vinculum
929 991 1102 1059 rumpere,
1121 991 1166 1036 ne
1189 979 1332 1058 propter
1355 967 1498 1036 zizania

277 1075 314 1123 ²9·

278 1394 316 1441 26.

440 1086 675 1155 eradicaretur
702 1085 806 1155 simul
835 1094 872 1154 et
900 1085 1079 1166 triticum;
1105 1085 1352 1175 permittentes
1380 1107 1498 1175 qnan-

440 1209 518 1269 tum
549 1202 585 1269 in
613 1201 696 1292 ipsis
723 1211 809 1280 erat,
833 1203 925 1269 sicut
956 1202 992 1268 in
1020 1200 1082 1269 illo
1113 1200 1329 1270 nobilissimo
1352 1200 1496 1292 judicio

276 1328 363 1392 alles.
376 1329 411 1376 iu.
441 1315 648 1397 Salomonis,
667 1316 828 1385 infantile
846 1338 972 1407 eorpus
989 1339 1009 1385 a
1026 1315 1115 1385 falsa
1140 1326 1252 1385 matre
1279 1316 1403 1384 nutriri
1428 1338 1498 1405 po·

441 1433 522 1511 tius,
540 1455 645 1523 quam
664 1434 811 1502 concidi.
864 1431 945 1501 Hoc
963 1441 1084 1501 autem
1103 1442 1140 1501 et
1159 1432 1209 1501 illi
1228 1431 1415 1512 faciebant,
1429 1432 1495 1522 qui

442 1547 486 1616 de
504 1548 667 1640 baptismi
687 1557 905 1617 sacramento
922 1550 1039 1617 verius
1056 1548 1264 1628 sentiebant,
1283 1558 1321 1617 et
1337 1549 1395 1617 isti
1413 1548 1497 1637 qui-

442 1662 508 1732 bus
525 1687 588 1756 pro
606 1665 734 1732 merito
752 1672 863 1733 tantae
881 1664 1036 1732 caritatis
1053 1663 1151 1733 Deus
1168 1673 1244 1733 erat
1262 1662 1495 1742 revelaturus,

442 1780 471 1848 si
488 1780 573 1871 quid
590 1779 693 1849 aliter
709 1779 901 1870 sapiebant.

494 1893 715 1965 Privatianus
743 1917 763 1963 a
792 1893 957 1964 Sufetula
983 1895 1093 1964 dixit:
1127 1892 1197 1981 Qui
1226 1891 1402 1963 hereticos
1427 1916 1497 1985 po-

443 2019 591 2081 testatem
605 2008 806 2104 doptizundi
823 2007 944 2080 trabere
961 2008 1055 2091 dicit,
1068 2008 1160 2079 dicut
1172 2009 1275 2102 pairac
1289 2009 1365 2101 qrczlr
1382 2004 1496 2077 dcere-

442 2126 508 2194 sim
534 2125 735 2196 corrdlderit.
786 2124 831 2196 Si
856 2126 946 2194 enim
972 2122 1113 2194 heresis
1139 2148 1160 2193 u
1185 2122 1261 2193 Deo
1286 2133 1345 2206 est,
1370 2122 1496 2193 lubere

444 2239 688 2336 indulgentium
716 2238 869 2310 divinum
890 2249 1023 2333 potest:
1050 2241 1083 2309 si
1099 2263 1177 2310 nero
1198 2263 1220 2308 o
1237 2238 1313 2309 Deo
1339 2262 1406 2308 non
1430 2249 1495 2325 est,

443 2354 609 2449 quomodo
630 2355 781 2452 pretium
800 2354 871 2425 Dei
896 2365 957 2426 out
979 2354 1100 2426 tatem
1125 2365 1184 2426 out
1209 2355 1365 2451 conferre
1384 2353 1496 2424 alicui

437 2472 582 2567 potest?

495 2587 592 2657 Huic
623 2588 771 2658 totidem
801 2589 916 2659 verbis
944 2590 995 2658 ita
1024 2589 1224 2680 responderi
1255 2596 1390 2679 potest:
1418 2587 1493 2670 Qui

444 2705 636 2775 malevolos
663 2713 699 2774 et
726 2705 862 2774 invidos
888 2713 1102 2797 potestatem
1130 2703 1331 2795 baptizandi
1361 2703 1495 2773 habere

444 2823 541 2902 dicit,
573 2822 667 2890 dicat
698 2822 794 2913 prius
824 2822 902 2912 quis
934 2819 1218 2890 malevolentiam
1254 2819 1496 2908 invidiamque

445 2938 652 3007 condiderit.
706 2936 744 3006 Si
771 2936 865 3005 enim
892 2934 1142 3005 malevolentia
1165 2943 1202 3004 et
1223 2934 1355 3003 invidia
1374 2957 1395 3004 a
1414 2934 1496 3002 Deo

444 3062 510 3134 est,
528 3051 659 3121 habere
682 3061 720 3121 et
744 3051 1001 3144 indulgentiam
1023 3051 1177 3120 divinam
1197 3058 1336 3142 potest:
1362 3050 1496 3119 sivero

445 3192 466 3238 a
484 3166 563 3236 Deo
581 3191 651 3235 non
667 3176 733 3250 est,
752 3169 929 3258 quomodo
947 3177 1010 3238 aut
1026 3167 1175 3260 gratiam
1194 3167 1264 3235 Dei
1282 3165 1412 3235 habere
1430 3175 1497 3234 aut

445 3283 603 3352 conferre
621 3283 725 3353 alicui
749 3284 889 3375 potest?
930 3282 1001 3352 Sed
1028 3285 1118 3352 sicut
1145 3284 1212 3352 ista
1235 3281 1360 3351 eodem
1386 3282 1497 3350 modo

445 3398 541 3467 dicta
557 3399 842 3469 manifestissime
860 3399 946 3469 falsa
970 3407 1062 3479 sunt,
1081 3400 1131 3468 sic
1149 3399 1256 3467 etiam
1275 3396 1336 3466 illa
1353 3419 1433 3487 quae
1451 3406 1496 3465 ut

445 3514 739 3583 convincerentur
767 3515 854 3597 haec,
885 3515 981 3584 dicta
1019 3523 1112 3583 sunt.
1174 3512 1365 3603 Baptizant
1398 3512 1496 3580 enim

445 3626 608 3698 malevoli
645 3640 682 3699 et
716 3630 836 3709 invidi,
864 3632 956 3699 siout
988 3629 1152 3699 coneedit
1186 3630 1261 3719 ipse
1291 3625 1496 3719 Cyprianus,

445 3744 528 3834 quia
545 3766 605 3813 eos
622 3746 731 3815 etiam
748 3747 845 3814 intus
862 3768 938 3814 esse
956 3754 1118 3814 testatur.
1171 3742 1231 3812 Sic
1247 3765 1331 3835 ergo
1348 3752 1498 3834 possunt

445 3860 552 3928 etiam
580 3861 735 3931 haretici
761 3862 949 3952 baptizare,
973 3861 1056 3951 quia
1079 3859 1274 3951 baptismus
1299 3879 1497 3927 sacramen-

446 3981 523 4043 tnm
542 3974 672 4045 Christi
696 3986 771 4059 est;
797 3977 928 4045 invidia
954 3999 1036 4045 vero
1059 3984 1097 4044 et
1121 3974 1265 4042 haeresis
1290 3994 1397 4063 opera
1422 3973 1498 4042 dia·

447 4087 530 4171 boli,
557 4114 634 4182 quae
660 4091 816 4182 quisquis
846 4090 1021 4172 habuerit,
1039 4113 1109 4158 nou
1138 4088 1220 4158 hino
1240 4087 1374 4168 ¹efficit,
1398 4094 1438 4155 ut
1465 4088 1496 4156 si

447 4203 576 4276 habeat
593 4216 852 4276 sacramentum
871 4204 1015 4287 Christi,
1030 4207 1138 4274 etiam
1158 4205 1273 4296 ipsum
1290 4211 1499 4272 numeretur

447 4320 539 4389 inter
556 4345 663 4413 opera
680 4320 820 4391 diaboli.

499 4433 661 4505 Privatus
678 4457 699 4503 a
717 4431 860 4503 Sufibus
878 4435 989 4504 dixit:
1018 4433 1090 4522 Qui
1109 4431 1348 4504 hereticorum
1370 4430 1499 4526 bupttr·

645 4583 651 4605 ¹
670 4572 787 4645 [Potius
802 4574 993 4639 scribendum,
1008 4593 1059 4629 nou
1074 4574 1136 4629 dinc
1149 4574 1288 4649 ficiunt]
