3817 5692
561 702 801 764 RESPONSA
827 702 894 763 AD
918 701 1180 764 EPlSCOPOS.
1353 703 1416 763 235

369 897 460 943 iriam
488 871 645 966 probunt,
667 873 753 967 quid
777 871 876 944 aliud
904 897 1006 967 quoru
1034 872 1206 944 hereticis
1232 871 1490 944 communi-car·
1503 899 1543 947 rr·

368 987 478 1057 carris

419 1103 515 1174 Huic
541 1106 793 1196 respondetur:
821 1103 906 1173 Non
933 1115 987 1174 est
1014 1104 1208 1195 baptismus
1239 1102 1419 1171 haeretico-

367 1241 456 1300 rum,
487 1243 593 1311 quem
624 1222 660 1290 iu
691 1221 868 1291 lraereticis
898 1220 1108 1315 probamus:
1142 1220 1233 1287 sicut
1263 1240 1333 1286 non
1363 1222 1417 1284 est

369 1333 563 1424 baptismus
583 1359 778 1418 avarorum,
797 1336 1052 1415 insidiosorum,
1071 1333 1323 1413 fraudatorum,
1341 1354 1418 1421 rap·

370 1457 500 1530 torum,
523 1450 732 1530 invidorum,
756 1471 863 1541 quem
890 1449 1078 1540 probamus
1107 1449 1143 1516 in
1171 1448 1232 1515 eis.
1283 1442 1418 1515 Omnes

371 1564 502 1653 quippe
519 1564 576 1631 isti
595 1565 706 1654 iniqui
723 1574 828 1634 suut:
851 1565 911 1633 sed
923 1564 1043 1654 justus
1061 1571 1115 1632 est
1133 1561 1305 1643 Christus,
1319 1562 1418 1652 cujus

371 1678 407 1745 in
425 1700 463 1747 se
480 1687 750 1761 sacramentum,
768 1679 862 1770 quod
889 1678 932 1747 ad
959 1680 1074 1770 ipsum
1100 1677 1249 1758 adtinet,
1267 1699 1330 1746 sua
1352 1677 1417 1744 ini-

371 1794 507 1883 quitate
538 1816 608 1862 non
636 1794 779 1864 violant.
831 1792 1003 1884 Alioquin
1030 1801 1148 1883 posset
1176 1790 1266 1861 alius
1291 1792 1417 1873 dicere,

372 1907 443 1990 Qui
461 1909 661 1999 iniquorum
679 1909 894 2002 baptismum
917 1908 1077 2000 probant,
1096 1907 1181 1999 quid
1199 1905 1295 1976 aliud
1313 1929 1417 1997 quam

372 2024 500 2114 iniquis
517 2024 803 2095 communicanti
843 2023 947 2106 Quod
975 2023 1040 2115 ipsi
1064 2021 1257 2092 Catholicae
1284 2022 1312 2091 si
1341 2023 1419 2113 quis

371 2139 551 2230 objiceret,
568 2141 838 2231 responderetur
861 2140 893 2208 ei
917 2139 1012 2230 quod
1039 2138 1121 2206 huic
1146 2138 1255 2207 modo
1278 2161 1419 2229 respon·

371 2277 448 2323 sum
467 2266 532 2326 est.

422 2369 681 2442 Hortensianae
696 2396 718 2442 a
736 2372 885 2443 Laribus
903 2372 1012 2443 dixit:
1036 2368 1145 2458 ¹Qraot
1161 2370 1231 2439 sint
1248 2367 1418 2463 baptismi,
1428 2381 1491 2430 ΟΔ».
1503 2382 1540 2430 28-

371 2482 520 2554 viderint
546 2495 606 2556 out
626 2495 872 2580 praesurntores
895 2493 954 2554 nat
968 2482 1132 2579 fautores
1158 2481 1418 2556 baereticorum:

369 2624 431 2671 uos
457 2625 562 2670 osirim
589 2599 768 2695 baptisma,
786 2600 877 2695 quod
901 2623 970 2670 aron
996 2600 1067 2669 nisi
1092 2599 1131 2668 in
1148 2597 1304 2670 Ecclesia
1325 2601 1420 2671 novi-

370 2739 455 2797 mas,
473 2713 637 2786 Ecclesiae
656 2716 879 2787 uiridissimus.
931 2714 1007 2785 Aut
1028 2713 1195 2808 quoirrodo
1215 2723 1361 2808 possunt
1381 2716 1419 2785 ia

369 2831 507 2900 rronrinc
525 2829 660 2903 Christi
684 2830 830 2925 aliquem
856 2829 1145 2924 baptizaremur
1167 2829 1239 2923 ipse
1256 2828 1418 2903 Christus

370 2944 456 3015 dicit
472 2943 688 3017 adversarios
704 2970 784 3017 suos
801 2945 902 3018 esse?
1016 2964 1019 2970 ·

421 3061 518 3131 Huic
548 3062 653 3131 simili
684 3057 806 3133 tenore
841 3062 1028 3132 verborum
1064 3062 1115 3131 ita
1145 3062 1416 3153 respondemus:

370 3175 539 3246 Viderint
565 3186 627 3247 aut
654 3186 901 3270 praesumtores
926 3184 989 3247 aut
1015 3177 1170 3247 fautores
1195 3178 1418 3269 iniquornm3

370 3312 433 3358 nos
451 3312 562 3359 unum
580 3290 765 3382 baptisma,
779 3292 873 3382 quod
892 3313 963 3361 non
981 3291 1045 3360 nisi
1062 3289 1229 3361 Ecclesiae
1245 3292 1418 3374 novimus,

369 3404 584 3496 ubicumque
601 3406 785 3475 inventum
801 3406 943 3497 quando
961 3428 1146 3497 possumus
1162 3407 1208 3477 ad
1222 3406 1418 3477 Ecclesiam

369 3542 584 3590 revocamus.
621 3519 700 3590 Aut
718 3521 895 3612 quomodo
912 3530 1059 3612 possunt
1076 3522 1112 3590 in
1129 3522 1272 3591 nomine
1286 3520 1417 3591 Christi

369 3636 524 3726 aliquem
547 3637 735 3729 baptizare,
753 3659 841 3729 quos
865 3638 941 3728 ipse
959 3636 1121 3707 Christus
1147 3637 1233 3707 dicit
1258 3639 1419 3707 adversa-

370 3752 439 3820 rr‘os
466 3773 547 3821 suos
574 3751 673 3822 esse?
713 3749 890 3821 Omnibus
911 3752 1042 3842 quippe
1068 3752 1196 3842 iniquis
1219 3751 1315 3832 dicit,
1334 3750 1417 3820 Non

371 3868 451 3933 novi
472 3888 542 3947 vos,
560 3867 715 3936 recedite
741 3889 763 3936 a
787 3888 854 3946 me,
874 3867 934 3957 qui
959 3866 1150 3957 operamini
1174 3867 1570 3957 iniquitatemzrmnau.

371 3987 546 4047 ettamen
564 4001 645 4049 cum
664 3980 854 4070 baptizant,
873 4003 943 4049 non
969 3980 1034 4070 ipsi
1062 3980 1254 4071 baptizant,
1272 3980 1332 4050 sed
1357 3978 1418 4048 ille
1427 3965 1466 4011 ²³·

371 4092 415 4162 de
434 4117 504 4184 quo
520 4094 545 4162 J
546 4093 701 4163 ohannes
719 4094 815 4174 dicit,
834 4094 915 4188 Ipse
932 4096 1065 4186 estqui
1083 4094 1249 4188 baptizat.

421 4206 562 4279 Cassius
595 4233 616 4278 a
646 4207 917 4280 Macomadibus
952 4209 1063 4279 dixit:
1092 4208 1180 4282 Cum
1215 4208 1580 4304 baptismotcrohan.s3³.

371 4320 439 4392 duo
462 4347 532 4394 esse
555 4347 624 4394 aaa
644 4325 790 4417 possint,
809 4325 869 4418 qui
885 4321 1057 4394 hereticis
1083 4322 1285 4418 baptismam
1303 4340 1538 4402 conce-uma

415 4456 422 4477 ¹
442 4451 565 4523 [Abesse
578 4451 674 4515 verba,
692 4451 763 4515 Quot
776 4452 832 4508 siat
847 4453 982 4526 baptismi,
997 4453 1033 4509 ab
1048 4454 1202 4529 Augustini
1217 4451 1283 4509 MS.
1298 4463 1419 4526 utroque

371 4565 446 4610 meo,
465 4554 494 4603 et
516 4566 533 4603 s
556 4556 685 4622 quatuor,
708 4549 808 4622 quibus
831 4567 898 4604 usus
920 4567 993 4614 snm,
1008 4550 1143 4625 Cypriani
1168 4549 1312 4606 codicibus
1335 4567 1420 4623 snpra

371 4642 455 4716 dixi]

846 4742 869 4782 rr
887 4721 907 4782 h
925 4738 942 4783 2
