3817 5692
517 707 560 770 72
745 701 1000 765 ARCHELAI
1031 702 1095 763 ET
1128 700 1348 763 MANETlS

518 877 599 947 viris
633 874 806 967 primariis
839 875 1014 956 civitatis3
1041 896 1087 943 ex
1118 873 1246 966 quibus
1273 874 1414 965 judices
1446 873 1568 967 elegit,

518 991 688 1084 religione
723 989 886 1084 gentiles,
922 997 1076 1079 quatuor
1113 1012 1270 1072 numero,
1304 1012 1455 1081 quorum
1489 989 1567 1060 haec

517 1115 600 1176 sunt
624 1107 776 1185 nomina,
796 1104 989 1195 Manippus
1006 1104 1268 1197 ngrammatica
1291 1105 1387 1187 artis,
1406 1112 1444 1173 et
1467 1104 1568 1173 disci-

518 1220 623 1311 plinae
644 1221 827 1290 rhetoricae
844 1217 1085 1311 peritissimus,
1102 1217 1282 1311 AEgialeus
1307 1219 1481 1288 archiater
1506 1241 1568 1287 no-

518 1333 718 1414 bilissimus
741 1341 779 1402 et
807 1332 918 1402 literis
947 1333 1107 1425 apprime
1136 1334 1304 1415 eruditus,
1332 1332 1501 1403 Claudius
1529 1342 1568 1403 et

519 1446 711 1518 Cleobolus
738 1450 809 1518 duo
837 1449 963 1518 fratres
989 1448 1124 1540 egregii
1151 1449 1342 1518 ⁰rhetores.
1394 1446 1453 1516 Fit
1483 1470 1568 1541 ergo

519 1564 727 1658 magnificus
756 1572 962 1645 conventus,
985 1565 1036 1633 ita
1063 1572 1107 1652 ut
1133 1565 1259 1634 domus
1284 1562 1460 1645 Marcelli,
1486 1586 1568 1654 quae

520 1687 598 1749 erat
623 1680 803 1759 immensa,
822 1676 1019 1770 repleretur
1043 1701 1089 1748 ex
1115 1677 1180 1761 his,
1197 1679 1259 1770 qui
1283 1680 1328 1749 ad
1353 1678 1567 1748 audiendum

520 1794 661 1864 fueraut
678 1794 835 1863 oncati:
862 1800 900 1862 ct
925 1815 1008 1861 cum
1031 1793 1068 1861 in
1092 1801 1284 1885 conspectu
1308 1792 1466 1863 omnium
1486 1816 1569 1863 cou-

520 1909 693 1979 stitissent
722 1909 757 1990 ii,
785 1907 846 1998 qui
875 1906 1062 1977 adversum
1096 1930 1134 1977 se
1167 1908 1285 1977 dicare
1315 1908 1567 2000 proponebant,

521 2034 607 2093 tunc
631 2023 683 2091 illi
707 2023 811 2092 electi
827 2023 968 2114 judices
991 2021 1201 2093 excelsiores
1224 2023 1388 2093 omuibus
1404 2023 1569 2093 consede-

521 2147 613 2219 runt,
637 2147 745 2229 atque
769 2136 888 2207 Manae
913 2138 1053 2208 dicendi
1078 2139 1222 2208 initium
1248 2139 1372 2208 datum
1397 2146 1462 2209 est.
1514 2137 1570 2209 Si·

522 2249 632 2320 lentio
649 2250 758 2344 igitur
774 2250 877 2332 facto,
889 2251 1066 2343 aprinum
1083 2275 1267 2346 aggressus
1283 2261 1339 2323 est
1355 2252 1423 2322 hoc
1439 2253 1556 2323 modo.

573 2363 684 2436 XIII.
710 2365 820 2459 rEgo,
839 2365 920 2436 Viri
938 2368 1072 2449 fratres,
1090 2366 1222 2438 Christi
1245 2369 1388 2459 quidem
1406 2390 1482 2438 sum
1500 2369 1570 2438 dis-

523 2480 670 2571 cipulus,
695 2481 874 2574 apostolus
897 2504 980 2552 vero
1001 2482 1110 2567 Jesu3
1136 2507 1199 2576 pro
1225 2484 1334 2554 nimia
1357 2492 1477 2553 autem
1503 2483 1570 2553 hu-

523 2596 695 2666 manitate
737 2595 902 2667 Marcelli
949 2599 1072 2668 adessa
1115 2599 1289 2678 festinavi,
1332 2607 1373 2668 ut
1419 2597 1571 2691 qualiter

523 2719 686 2802 oporteat
719 2712 903 2782 observare
936 2714 1083 2783 modum
1117 2713 1243 2783 divinae
1277 2714 1454 2807 religionis
1487 2738 1570 2785 eum

523 2826 711 2896 edoceam:
742 2849 787 2896 ne
820 2828 913 2897 sicut
943 2837 1044 2898 muta
1072 2829 1247 2909 animalia,
1277 2852 1355 2921 quae
1385 2828 1569 2899 intellectu

523 2949 656 3021 carent,
684 2963 749 3010 nec
777 2941 861 3032 quid
889 2950 1001 3035 agunt
1028 2943 1228 3027 advertunt,
1257 2945 1308 3014 ita
1334 2944 1443 3014 etiam
1472 2942 1571 3013 Mar-

524 3053 644 3135 cellus,
664 3055 723 3145 qui
743 3077 836 3124 nunc
854 3078 892 3124 sc
910 3056 1010 3125 velut
1026 3056 1232 3127 dedititium
1250 3058 1418 3128 doctrinae
1433 3056 1571 3127 Arche-

525 3166 570 3236 lai
601 3168 810 3262 subjugavit,
833 3170 877 3239 ad
906 3169 1074 3240 ultimum
1101 3173 1230 3242 damno
1257 3173 1386 3242 animae
1414 3173 1570 3255 feriatur,

525 3306 607 3352 cum
623 3287 856 3376 praeparandos
873 3286 983 3355 divini
1004 3287 1122 3357 cultus
1140 3288 1373 3358 observantiae
1390 3288 1484 3359 ultra
1499 3312 1571 3358 uon

525 3398 689 3469 habuerit
718 3401 937 3472 facultatem.
989 3401 1072 3473 Scio
1106 3412 1226 3474 autem
1261 3412 1300 3475 et
1333 3414 1451 3496 certus
1480 3426 1570 3487 sum,

526 3516 619 3606 quod
649 3515 856 3586 ⁸emendato
886 3515 1072 3600 Marcello,
1103 3520 1212 3589 etiam
1242 3542 1304 3589 vos
1333 3541 1455 3590 omnes
1484 3517 1571 3589 salvi

567 3753 580 3780 ¹¹
603 3746 701 3802 Codex
723 3745 882 3814 Bohieusis,
901 3745 1098 3821 grammaticus
1120 3754 1147 3802 et
1170 3747 1319 3821 ds'scipls‘soe
1341 3746 1482 3802 rhetorice
1501 3746 1573 3801 arlia

519 3842 713 3917 peritissimas,
727 3851 754 3898 et
766 3842 908 3918 AEpids'uc
953 3843 1063 3899 Horum
1083 3853 1178 3901 autem
1191 3844 1325 3901 Indicum
1345 3844 1477 3919 primum,
1493 3842 1571 3899 Gen·

525 3939 615 3995 tilium
642 3939 827 4014 philosophias
860 3940 1059 4014 professorem,
1088 3941 1243 3998 secuudum
1271 3941 1428 4005 Medicum,
1456 3940 1572 3996 tertium

525 4034 752 4109 grammaticum,
781 4044 910 4111 quartum
938 4037 1082 4093 rhetorem
1115 4037 1184 4094 iacit
1211 4037 1386 4111 Epiphanius
1418 4055 1495 4093 num.
1528 4052 1569 4091 ro.

528 4135 708 4203 (Κλεόβουλος
722 4133 820 4190 scribit
834 4133 1031 4208 Epiphanius.)

567 4243 582 4273 ⁰
604 4229 704 4287 Codex
718 4230 891 4296 Casinensis,
906 4239 1034 4288 rectores.

567 4333 581 4370 Ρ
603 4326 703 4383 Codex
717 4327 876 4395 Bobieusis,
892 4329 1038 4385 convocati.

566 4432 579 4469 ‘¹
601 4423 699 4480 Codex
714 4423 887 4490 Casinensis,
896 4424 1027 4500 plurimo.

567 4531 579 4561 ¹
600 4520 665 4577 Huc
679 4540 767 4595 usque
781 4521 912 4579 Valesius
926 4522 1015 4579 edidit
1029 4541 1064 4579 ex
1080 4521 1177 4579 codice
1192 4521 1336 4579 Bobieusi.

567 4625 579 4656 ⁸
602 4617 635 4673 ln
650 4617 746 4675 codice
761 4619 919 4684 Casiuensi,
934 4620 1004 4676 enim
1019 4621 1091 4676 dato.
