3817 5692
515 682 558 745 16
886 684 1191 748 ARCHELAUS.

515 854 589 917 bere
604 852 760 917 videntur.
802 853 954 939 [atvero
970 855 1032 918 ista
1047 877 1118 919 cum
1135 855 1277 939 judicum
1292 855 1398 931 dictis,
1415 878 1485 940 quae
1501 855 1563 921 fine

514 975 584 1039 cap.
596 972 633 1037 27
645 955 834 1032 referuntur,
846 957 1048 1040 aliquatenus
1057 957 1205 1042 conjungi
1218 958 1389 1042 videntne]
1416 959 1561 1043 Denique

514 1058 548 1121 in
569 1058 681 1121 horum
700 1045 858 1122 Actorum
878 1058 983 1142 capite
1005 1058 1126 1135 ultimo,
1146 1066 1221 1144 post
1241 1068 1404 1123 narratam
1422 1060 1562 1125 Manetis

513 1181 633 1235 necem,
649 1160 717 1224 haec
731 1160 875 1245 legimus,
894 1158 1009 1239 Quibus
1016 1170 1124 1242 postea
1139 1161 1253 1246 wadia
1266 1161 1436 1226 Archelaus
1451 1162 1562 1246 aslj'edl

513 1283 548 1326 eu
563 1262 670 1347 priori
689 1261 899 1347 disputationi,
916 1271 950 1325 ut
969 1261 1104 1326 omnibus
1123 1263 1412 1338 innotescentem
1431 1287 1492 1349 epo,
1508 1266 1562 1349 qui

512 1363 666 1447 imcoipsi,
681 1364 716 1427 iu
729 1362 890 1448 prioribus
903 1364 1035 1448 aspera.
1081 1363 1244 1428 Videntur
1257 1372 1366 1430 autem
1381 1365 1450 1430 haec
1464 1366 1561 1430 verba

513 1486 582 1528 esse
597 1464 789 1547 Hegemonii
805 1463 898 1541 illius,
914 1465 968 1549 qui
983 1474 1020 1528 ιιι
1031 1465 1175 1549 superius
1190 1465 1335 1540 diximus,
1347 1468 1458 1530 eadem
1473 1468 1561 1532 Acta

513 1567 704 1652 compilavit,
728 1574 761 1631 et
785 1566 818 1630 in
844 1567 995 1631 Graecum
1017 1588 1194 1631 sermonem
1216 1568 1391 1633 transtulit.
1437 1569 1501 1633 Sed
1527 1571 1560 1633 in

513 1675 623 1732 nostra
638 1668 786 1745 editione,
803 1690 866 1752 quo
884 1667 953 1731 loco
969 1690 1007 1732 ea
1022 1669 1061 1732 de
1076 1690 1111 1732 re
1131 1691 1235 1732 sermo
1250 1668 1418 1746 habeatur,
1434 1692 1496 1733 non
1512 1669 1559 1732 in-

513 1769 615 1845 venio,
631 1770 706 1854 quia
720 1769 856 1833 fortasse
876 1768 909 1832 iu
924 1768 1087 1833 (lesinensi
1102 1770 1209 1834 codice
1226 1770 1373 1854 praefatio
1391 1771 1509 1847 deficit,
1526 1771 1558 1834 in

513 1894 576 1955 qua
589 1871 806 1956 Hegemonius
817 1871 1049 1955 compilationis
1061 1893 1126 1936 suae
1138 1873 1295 1937 rationem
1306 1873 1480 1946 reddebat;
1498 1872 1557 1937 nisi

512 1975 583 2059 quis
597 1975 694 2038 verba
709 1975 771 2049 illa,
789 1975 831 2037 Ia
840 1971 999 2059 prioribus
1014 1975 1147 2056 exposui,
1164 1975 1203 2038 de
1224 1974 1273 2037 his
1292 1975 1475 2058 accipienda
1490 1997 1559 2040 esse

512 2083 651 2153 censeat,
663 2098 733 2160 quse
746 2075 889 2159 proxime
900 2074 940 2138 de
952 2074 1095 2139 Manetis
1108 2084 1210 2140 morte
1221 2076 1371 2141 narravit.
1406 2074 1428 2137 J
1429 2096 1485 2138 ure
1496 2074 1557 2138 ita·

512 2200 574 2263 que
589 2176 704 2241 merito
719 2175 871 2261 suspicari
888 2182 1007 2260 potest,
1023 2198 1106 2252 eum,
1122 2177 1176 2263 qui
1197 2177 1403 2241 Casinensem
1418 2177 1557 2241 codicem

511 2288 588 2345 ante
603 2279 792 2364 quingentos
801 2287 834 2343 et
848 2279 984 2363 amplius
994 2301 1094 2343 annos
1105 2280 1259 2354 exaravit,
1270 2302 1388 2365 magna
1399 2281 1555 2343 Actorum

512 2382 738 2467 disputationis
760 2381 853 2467 hujus
874 2381 1059 2467 prolixitate
1081 2389 1262 2465 pertaesum,
1279 2382 1380 2445 multa
1402 2381 1555 2459 omisisse,

513 2486 675 2570 multaque
690 2484 858 2561 breviasse,
873 2505 1008 2568 quorum
1019 2490 1128 2547 tumen
1142 2483 1302 2567 epitomen
1316 2485 1402 2566 apud
1416 2482 1556 2568 Epipha-

512 2590 599 2652 nium
621 2587 731 2651 haberi
753 2586 903 2664 arbitror,
918 2608 1011 2671 quem
1034 2609 1074 2649 ex
1096 2585 1228 2671 integris
1243 2586 1393 2649 Archelai
1414 2586 1556 2670 disputa-

512 2690 609 2755 tionis
624 2690 717 2754 Actis
739 2711 830 2755 suam
855 2689 1108 2753 Manichaeorum
1129 2689 1287 2752 haereseos
1305 2688 1556 2752 confutationem

511 2792 710 2879 potissimum
733 2792 884 2868 hausisse,
900 2791 1071 2856 editionem
1091 2799 1232 2856 nostram
1249 2812 1321 2854 cum
1340 2791 1409 2874 ejus
1429 2791 1556 2873 scriptis

510 2895 683 2959 conferenti
700 2894 784 2958 clare
801 2893 935 2977 patebit.

554 2998 647 3079 Quod
671 2998 712 3060 ad
735 3017 845 3060 eorum
867 2995 1038 3060 editionem
1061 2993 1189 3067 attinet,
1206 2994 1323 3058 vetusti
1345 2995 1426 3058 adeo
1446 3015 1556 3058 monu-

510 3102 608 3165 menti
631 3107 755 3184 partem
777 3098 950 3183 reperitis
972 3095 1160 3182 perantiquo
1182 3096 1290 3161 codice
1317 3096 1476 3172 Bobiensi,
1500 3098 1554 3182 qui

510 3223 593 3265 nunc
613 3202 645 3264 in
663 3199 875 3264 Ambrosiaua
892 3199 1085 3264 bibliotheca
1105 3206 1260 3275 servatur,
1277 3198 1441 3261 Emericus
1459 3197 1554 3282 Bigo-

509 3301 574 3365 tius
588 3300 845 3385 diligentissimus
855 3298 1040 3363 Italicarum
1052 3299 1313 3363 bibliothecarum
1325 3307 1552 3385 perscrutator,

510 3425 641 3488 eamque
661 3401 835 3466 clarissimo
850 3402 981 3466 Valesio
996 3401 1248 3475 communicavit,
1265 3402 1318 3486 qui
1335 3402 1369 3465 in
1383 3402 1468 3465 calce
1483 3423 1554 3464 sua

509 3525 581 3567 rum
602 3511 751 3566 notarum
770 3503 813 3566 ad
834 3504 999 3567 Socratem
1018 3509 1052 3566 et
1074 3502 1283 3566 Sozomeuum
1298 3503 1477 3588 fragmenta
1498 3500 1553 3564 illa

508 3605 618 3671 edidit.
663 3603 837 3668 Continent
856 3611 965 3669 autem
979 3612 1048 3669 tum
1070 3612 1185 3668 cuncta
1204 3603 1269 3681 illa,
1287 3627 1357 3689 quae
1381 3627 1421 3668 ex
1440 3604 1552 3669 eadem

508 3705 723 3791 disputatione
753 3706 817 3769 suis
846 3706 981 3771 inseruit
1006 3706 1132 3791 scriptis
1158 3706 1368 3792 Epiphanius,
1395 3714 1465 3771 tum
1488 3706 1552 3770 alia

507 3808 657 3873 nonnulla
678 3807 720 3872 ab
741 3808 853 3872 eodem
873 3808 1008 3884 omissa3
1033 3830 1104 3892 quae
1124 3815 1291 3872 tamenne
1312 3809 1466 3873 decimam
1484 3807 1551 3893 qui·

506 3911 579 3973 dem
595 3910 695 3974 totius
710 3911 813 3995 operis
828 3918 953 3995 partem
967 3910 1134 3995 complent.
1167 3912 1212 3975 Et
1224 3911 1307 3974 tanti
1322 3912 1449 3996 quidem
1464 3911 1550 3995 apud

506 4012 668 4097 Bigotium
682 4013 744 4079 fuit
758 4036 834 4096 pars
850 4014 905 4078 illa
918 4014 1146 4096 disputationis
1159 4014 1320 4087 Archelai,
1337 4022 1374 4079 ut
1387 4037 1458 4079 eam
1478 4036 1550 4078 cum

505 4113 651 4178 Palladio
672 4115 824 4180 recudere
846 4116 1047 4201 cogitaverit,
1070 4118 1214 4201 apposito
1237 4119 1350 4182 Graeco
1378 4116 1550 4202 Epiphanii

504 4223 609 4295 textu,
624 4224 661 4282 ut
675 4240 716 4281 ex
733 4218 896 4305 utriusque
912 4219 1159 4303 comparatione,
1175 4221 1312 4304 genuina
1326 4220 1451 4283 illorum
1465 4220 1549 4304 frag-

503 4326 683 4383 mentorum
697 4320 832 4384 lectione
846 4321 1008 4397 restituta,
1025 4321 1126 4405 quivis
1140 4321 1287 4407 colligere
1301 4329 1420 4406 posset,
1437 4321 1548 4408 quanti

502 4421 655 4486 iacienda
670 4421 735 4485 sint
753 4422 896 4506 antiquae
917 4421 1041 4486 Latina
1057 4424 1224 4501 versiones,
1241 4431 1274 4489 et
1296 4431 1451 4509 quantum
1466 4424 1550 4488 utili·

501 4524 581 4589 tatis
603 4545 643 4587 ex
666 4522 726 4586 illis
747 4523 916 4600 redundet,
937 4532 975 4588 ιιι
996 4524 1147 4589 idemmet
1170 4526 1218 4591 ait
1240 4526 1271 4589 in
1295 4526 1481 4611 praefatione
1505 4527 1548 4591 ad

503 4625 638 4691 Palladii
662 4624 834 4711 Dialogum
855 4626 895 4689 de
914 4625 981 4690 vita
1002 4629 1033 4691 S.
1051 4626 1185 4692 Joannis
1207 4627 1427 4713 chrysostomi
1449 4649 1548 4713 prope
