3817 5692
769 676 1080 739 Dlsl‘UTA'rlo.
1385 682 1448 743 185

402 848 526 917 faciam
570 846 679 916 latere
722 850 972 918 conscientiam
1010 859 1172 918 vestram.
1225 851 1330 920 Tunc
1365 876 1447 921 vcro

401 962 511 1030 turbae
537 985 579 1031 eo
602 962 753 1053 amplius
778 965 945 1042 incitatae,
965 975 1186 1057 congregatur
1209 976 1292 1034 sunt
1319 966 1363 1034 ad
1387 989 1448 1035 au·

399 1078 567 1147 diendum
595 1077 834 1160 Archelaum3
860 1080 993 1148 etenim
1024 1102 1075 1160 ea,
1103 1103 1184 1170 quae
1210 1081 1255 1149 ab
1285 1104 1328 1149 eo
1352 1082 1446 1150 dice-

399 1193 536 1274 bantur,
582 1192 769 1284 plurimam
820 1194 870 1261 eis
913 1194 1187 1263 oblectationem
1231 1195 1445 1287 praebebant.

400 1308 551 1399 Propter
568 1310 662 1398 quod
679 1318 716 1377 et
734 1310 897 1377 certatim
923 1309 1201 1378 adhortabantur
1224 1332 1306 1379 eum
1329 1311 1446 1381 dicere

399 1445 616 1513 quecunque
646 1422 764 1503 vellet,
793 1445 1014 1514 quaecunque
1045 1424 1212 1502 sentirct;
1239 1431 1378 1513 paratos
1408 1447 1445 1494 se

399 1557 475 1603 esse
488 1536 532 1604 ad
551 1537 774 1617 audiendum,
789 1546 826 1605 et
839 1559 949 1627 usque
967 1538 1011 1606 ad
1027 1559 1210 1628 vesperum
1228 1560 1444 1628 permanere,

399 1651 508 1718 etiam
542 1652 697 1721 accensis
740 1651 940 1734 luminibus,
975 1651 1249 1744 pollicebantur:
1294 1676 1444 1744 quorum

399 1766 622 1835 animositate
650 1767 816 1836 incitatus
843 1764 1041 1837 Archelaus
1075 1790 1157 1837 cum
1191 1770 1286 1836 omni
1317 1768 1445 1838 fiducia
1526 1841 1530 1849 ,

399 1879 515 1950 dicere
540 1903 685 1951 exorsus
709 1892 774 1951 est.
827 1882 907 1952 Viri
930 1883 1064 1963 fratres,
1082 1884 1276 1974 superiores
1300 1883 1444 1974 quidem

398 2016 519 2063 causas
544 1995 689 2064 Domini
717 1998 785 2066 mei
813 1996 899 2067 Jesu
928 1998 1086 2078 audistis,
1114 1996 1193 2066 dico
1224 2005 1344 2066 autem
1375 2019 1443 2077 eas,

398 2133 479 2201 quae
496 2134 541 2179 ex
560 2111 638 2203 lege
662 2122 699 2181 et
716 2113 895 2204 prophetis
914 2113 1141 2204 judicantur;
1163 2112 1344 2182 inferiores
1361 2135 1444 2183 vero

398 2222 542 2291 Domini
561 2223 632 2292 mei
648 2223 736 2293 Jesu
755 2225 885 2294 Christi
904 2223 1097 2294 Salvatoris
1123 2225 1233 2292 nostri
1256 2245 1327 2291 non
1344 2224 1444 2316 igno-

398 2339 491 2407 ratis.
544 2338 616 2409 Sed
634 2341 718 2431 quid
745 2339 868 2432 plura?
895 2339 1078 2431 Appellati
1104 2360 1225 2408 sumus
1250 2361 1296 2408 ex
1323 2337 1444 2408 Salva-

399 2454 483 2523 toris
501 2453 671 2524 desiderio
690 2454 889 2532 Christiani,
908 2456 1000 2524 sicut
1017 2455 1199 2523 universus
1220 2454 1313 2523 orbis
1335 2463 1443 2524 terra·

398 2590 476 2636 rum
502 2570 744 2638 testimonium
772 2569 943 2661 perhibet,
962 2578 1068 2658 atque
1086 2567 1250 2659 Apostoli
1269 2568 1440 2649 edocent;

398 2680 473 2754 ised
491 2694 527 2755 et
546 2687 700 2777 optimus
726 2684 940 2755 architectus
963 2686 1048 2775 ejus,
1069 2683 1355 2752 ¹fuudamentum
1381 2707 1443 2752 no-

398 2809 520 2879 strum,
534 2801 569 2869 id
585 2808 640 2868 est
659 2800 837 2881 Ecclesiae,
856 2798 990 2868 Paulus
1003 2798 1129 2889 posuit,
1148 2805 1186 2866 et
1203 2796 1319 2889 legem
1337 2797 1441 2867 trudi-

398 2916 460 2996 dit,
478 2912 668 2985 lordinatis
687 2916 870 2998 Ministris‚
889 2923 943 2984 ²et
960 2913 1187 3005 Presbyteris,
1204 2922 1241 2982 et
1259 2912 1443 3006 Episcopis

398 3033 433 3099 in
452 3054 513 3112 ea;
537 3031 736 3101 describens
760 3055 821 3123 per
839 3031 915 3100 loca
932 3028 1079 3123 singula,
1097 3030 1285 3119 quomodo,
1303 3039 1340 3099 et
1358 3053 1443 3121 qua-

397 3144 479 3214 liter
501 3155 662 3238 oporteat
686 3146 872 3217 Ministros
896 3146 976 3228 Dei,
996 3145 1117 3238 quales
1143 3152 1181 3212 et
1198 3143 1349 3235 qualiter
1365 3145 1440 3215 fieri

398 3258 637 3351 Presbyteros,
655 3261 845 3352 qualesque
871 3284 945 3331 esse
969 3261 1132 3343 debeant,
1149 3260 1227 3351 ³qui
1252 3258 1442 3355 Episcopa-

436 3518 445 3560 ἵ
467 3521 567 3578 Codex
582 3523 752 3587 Casinensis,
764 3523 821 3580 Sed
839 3532 865 3580 ee
884 3525 998 3599 optimos
1012 3524 1174 3580 architectos
1187 3526 1211 3578 ei
1223 3522 1440 3597 fundumentum,

395 3618 475 3692 cujus
490 3618 667 3675 manifestam
682 3619 890 3694 corruptionem
906 3619 1018 3676 modica
1032 3620 1187 3676 mutatione
1201 3618 1375 3675 sustulimus.

437 3708 453 3751 k
475 3712 568 3769 Locus
582 3715 723 3770 notandus
737 3715 773 3771 de
788 3714 961 3771 Hierarchiae
977 3715 1182 3771 Ecclesiasticae
1197 3713 1295 3771 ordine
1311 3714 1347 3770 ab
1362 3715 1439 3788 Apo-

396 3806 476 3862 stolis
487 3807 627 3865 instituto.
671 3810 826 3884 Episcopus
835 3818 939 3874 autem,
952 3809 1148 3884 Presbyteros,
1163 3819 1193 3866 et
1207 3809 1357 3866 Ministros
1377 3816 1440 3864 tan·

396 3910 457 3957 tum
472 3905 599 3960 nominat
613 3905 778 3969 Archelaus,
790 3905 865 3980 quod
887 3907 1094 3971 Ministrorurn,
1110 3907 1165 3963 hoc
1184 3915 1235 3971 est,
1251 3906 1442 3962 Diacouorum

396 4000 510 4055 nomine
535 4019 633 4057 omnes
657 4002 730 4058 infra
746 4003 976 4077 Presbyteratum
995 4003 1108 4061 ordines
1131 4003 1319 4078 antiquissimi
1342 4003 1441 4059 Patres

396 4096 635 4171 comprehendere
658 4099 872 4155 consueverint:
895 4098 936 4155 ita
958 4098 1091 4157 Clemens
1113 4100 1321 4156 Alexandrinus
1342 4099 1391 4155 lib.
1409 4098 1439 4155 6.

396 4194 572 4251 stromatum
588 4213 654 4270 pag.
668 4194 738 4268 667.
760 4193 949 4251 Tertullianus
971 4194 1006 4251 de
1022 4195 1170 4270 Baptismo
1185 4215 1247 4270 cap.
1266 4209 1312 4271 17.
1335 4194 1439 4270 Orige-

394 4308 446 4345 nes
460 4290 558 4347 homil.
576 4309 601 4346 2.
617 4291 646 4346 in
662 4291 788 4348 Hierem.
804 4300 834 4347 et
846 4291 876 4346 iu
887 4291 1020 4348 Matthaei
1031 4312 1093 4367 cap.
1110 4311 1156 4367 19.
1169 4311 1236 4369 pag.
1249 4293 1315 4366 3⁶3·
1331 4301 1360 4348 et
1373 4291 1439 4349 olibi

395 4403 510 4458 pssum.

433 4544 440 4566 ¹
461 4556 470 4593 ι
490 4540 557 4595 Cor.
573 4541 610 4597 iii.
626 4560 672 4598 10.
756 4546 764 4570 ¹
780 4545 843 4599 Act.
859 4551 960 4617 Apost.
976 4544 1032 4601 xiv.
1049 4561 1097 4615 23.
1181 4551 1190 4582 ³
1209 4562 1220 4599 r
1238 4543 1311 4600 Tim.
1326 4543 1363 4599 iii
1381 4561 1402 4599 r.

439 4652 509 4694 von.
526 4655 555 4696 v.
902 4635 956 4699 nb
