3817 5692
807 703 1116 769 DisPUTATIO.
1447 710 1486 772 71

440 869 648 940 lidissimum
667 870 834 940 baculum
852 874 998 943 tenebat
1016 899 1062 944 ex
1086 875 1182 968 liguo
1201 872 1391 959 hebelin0;
1419 876 1488 947 Ba-

440 984 613 1053 bilonium
647 1007 730 1054 vero
764 983 893 1054 librum
935 987 1100 1077 portabat
1134 988 1199 1056 sub
1234 989 1374 1058 sinistra
1408 990 1486 1073 ala;

439 1095 560 1169 icrura
583 1099 693 1168 etiam
719 1098 853 1168 braccis
879 1099 1066 1169 obtexerat
1091 1099 1207 1169 colore
1234 1100 1383 1185 divers0,
1402 1126 1486 1193 qua·

437 1237 517 1284 rum
535 1236 606 1283 una
623 1214 711 1296 rufa,
728 1213 798 1283 alia
817 1213 914 1283 velut
932 1216 1060 1306 prasini
1079 1214 1204 1285 coloris
1221 1225 1315 1286 erat:
1345 1211 1486 1286 l‘vultus

438 1352 521 1399 vero
538 1338 580 1398 ut
603 1330 695 1399 senis
718 1329 835 1398 Persae
861 1327 1035 1410 ¹artilicis‚
1055 1338 1092 1398 et
1115 1329 1290 1398 bellorum
1312 1332 1411 1399 ducis
1436 1333 1485 1401 vi-

437 1445 597 1514 debatur.
650 1444 766 1537 Igitur
800 1444 996 1515 Marcellus
1031 1447 1151 1515 statim
1186 1448 1230 1515 ad
1265 1446 1481 1516 Archelaum

437 1559 559 1640 mittit,
578 1560 637 1650 qui
656 1581 737 1627 oum
756 1560 863 1630 verbo
881 1560 987 1629 citius
1013 1559 1179 1641 affuisset,
1198 1562 1317 1631 invehi
1343 1563 1380 1630 iu
1401 1584 1482 1630 euni

436 1671 555 1740 animo
571 1671 765 1763 urgebatur
790 1696 834 1743 ex
862 1675 936 1765 ipso
958 1673 1095 1758 habitu,
1114 1697 1155 1743 ac
1181 1675 1297 1766 specie
1323 1676 1408 1765 ejus,
1426 1670 1484 1743 ¹et

436 1784 591 1855 maxime
625 1787 780 1876 quidem,
810 1788 904 1878 quod
939 1797 978 1858 et
1008 1812 1086 1880 quae
1113 1789 1278 1858 Turbone
1308 1789 1483 1858 referente

436 1910 658 1993 cognoverat,
682 1903 849 1972 secretius
872 1899 1030 1973 ²factum
1055 1905 1149 1995 apud
1176 1904 1404 1995 semetipsum
1430 1927 1483 1973 re-

436 2022 657 2097 tractaverat,
676 2025 713 2086 et
731 2017 920 2110 diligenter
937 2028 1154 2110 praeparatus
1172 2020 1374 2089 advenerat.
1428 2018 1482 2088 At

436 2151 517 2199 vero
543 2132 834 2221 prudentissimus
865 2131 1058 2201 Marcellus
1084 2134 1181 2202 omui
1208 2134 1481 2203 contentionum

435 2245 552 2315 studio
577 2246 727 2328 sublato,
745 2257 935 2337 utrumque
962 2248 1083 2317 audire
1102 2257 1125 2289 ¹¹¹
1134 2248 1302 2328 decernit,
1322 2248 1480 2317 invitatis

475 2484 777 2552 hCodenBobiensis,
792 2490 898 2545 ebilino.
936 2489 1072 2546 Baculum
1093 2508 1129 2546 ex
1150 2490 1240 2546 ebeno
1261 2497 1389 2563 gestasse
1409 2487 1478 2542 Pro-

435 2582 543 2655 phetas,
558 2583 613 2639 hoc
627 2596 678 2648 est,
694 2604 835 2641 sacrarum
849 2604 944 2641 rerum
959 2586 1127 2660 interpretes
1141 2605 1177 2642 ex
1192 2584 1365 2641 Callisthene
1379 2581 1480 2655 probat

434 2678 598 2753 Ducangius
612 2679 641 2735 in
654 2680 799 2738 Glossario
814 2683 900 2739 verbo
914 2682 1075 2749 Ἐβελλινοε.

474 2772 483 2816 ¹
497 2776 554 2832 Hic
566 2777 668 2834 lacuna
681 2787 725 2835 est
737 2779 767 2834 in
781 2778 878 2836 codice
894 2779 1036 2835 Bobiensi.

474 2869 491 2913 ¹¹
506 2872 678 2941 Catinensis.
693 2876 784 2932 vultus
797 2885 867 2932 erat.

476 2967 485 3010 ¹
498 2970 599 3028 Codex
615 2972 763 3030 Bobiensis
777 2992 835 3030 non
849 2973 943 3036 habet,
959 2974 1072 3048 quiden.

475 3077 495 3104 ¹¹¹
510 3068 608 3125 Codex
625 3068 788 3126 Casiuensis
802 3070 884 3136 male,
900 3071 996 3125 cernit.

477 3170 483 3197 ¹
505 3165 565 3237 [Ad
576 3166 638 3222 lraee
651 3167 737 3223 verba
748 3176 864 3240 prestat
878 3167 906 3222 iu
922 3166 1045 3223 medium
1061 3166 1186 3240 proferre
1201 3184 1262 3239 quae
1280 3166 1478 3224 animadvertit

433 3260 577 3335 Philippus
595 3263 816 3320 Buonarruotius
830 3264 866 3319 V.
878 3264 912 3319 C.
928 3264 957 3318 iu
972 3263 1066 3337 Opere
1082 3263 1172 3319 Italici
1186 3263 1331 3337 inscripto,
1346 3264 1476 3320 Osaervo-

432 3356 504 3412 aioni
512 3375 594 3432 sopra
603 3359 693 3414 alenai
702 3359 870 3415 Frummenti
880 3360 909 3414 di
918 3359 984 3415 Vasi
991 3360 1094 3415 antichi
1102 3360 1130 3416 di
1142 3359 1315 3422 Vetraedito
1325 3359 1477 3417 Florentiae

437 3453 523 3524 1716.
538 3473 565 3528 p.
575 3457 625 3529 69.
655 3454 761 3524 Quum,
774 3456 874 3531 inquit,
885 3457 970 3531 hujus
982 3456 1187 3531 Disputationis
1198 3456 1271 3511 Acta
1281 3475 1297 3512 e
1308 3456 1409 3512 Graeco
1421 3457 1478 3513 sint

431 3550 575 3614 translata,
590 3550 650 3608 haec
664 3552 751 3608 verba
764 3553 881 3628 artificis
897 3562 926 3610 et
946 3553 1084 3609 bellorum
1099 3553 1187 3618 ducis,
1203 3572 1264 3627 quae
1285 3572 1349 3609 curn
1371 3573 1475 3628 praece·

432 3646 563 3704 dentibus
584 3649 676 3705 minus
698 3659 774 3706 recte
795 3649 948 3716 cohaerent,
965 3670 1046 3707 versa
1057 3650 1189 3707 videntur
1209 3649 1244 3705 ab
1262 3649 1414 3722 interprete
1429 3650 1477 3724 qui

431 3744 584 3817 exemplari
606 3747 742 3803 mendoso
764 3765 831 3802 usus
851 3747 944 3814 fuerit,
966 3747 1068 3822 quique
1082 3748 1122 3803 sic
1135 3746 1246 3821 legerit,
1264 3747 1298 3803 br
1315 3748 1476 3819 δημνουργοῦ

430 3842 471 3893 καὶ
485 3846 643 3915 στρατηγοῦ,
658 3862 744 3916 quum
758 3843 857 3900 fuisset
870 3844 1033 3919 legendum,
1052 3845 1086 3901 br
1102 3846 1235 3916 δημάρχου
1249 3844 1290 3896 καὶ
1311 3847 1474 3913 στρατηγοῦι

430 3955 492 4010 quoe
516 3939 634 4012 proinde
658 3941 744 3997 verba
765 3940 821 3996 hoc
839 3951 923 4015 paeto
944 3941 1081 3998 vertenda
1100 3948 1205 4003 essent,
1230 3948 1261 3994 ut
1286 3957 1337 4011 pro
1360 3937 1475 3994 artificis

430 4033 542 4107 legatur
556 4037 694 4110 principis
708 4038 807 4113 populi
820 4038 878 4095 sive
893 4039 1004 4104 ianm,
1020 4048 1048 4095 et
1062 4057 1114 4112 pro
1128 4037 1256 4093 bellorum
1270 4036 1345 4092 ducis
1363 4034 1476 4109 legatur

429 4132 616 4204 magistratum
627 4135 756 4207 gerentis,
768 4134 852 4208 juxta
865 4135 922 4190 vim
937 4134 1017 4191 vocis
1036 4136 1190 4207 στρατηγὸς,
1206 4152 1268 4207 quae
1282 4132 1395 4207 quidem
1417 4151 1475 4188 uon

428 4233 539 4282 tantum
555 4227 674 4285 militare
689 4248 800 4296 munus,
820 4231 969 4287 sedetiam
984 4232 1065 4288 civile
1077 4230 1178 4286 innuit.
1211 4229 1300 4303 ldque
1314 4227 1475 4284 confirmari

428 4331 523 4397 potest
544 4325 710 4383 auctoritate
733 4326 827 4384 Plauti
848 4331 877 4384 iu
894 4328 1054 4385 Curculione
1067 4328 1135 4385 Act.
1148 4327 1188 4383 11.
1205 4326 1289 4383 Sceu.
1305 4324 1342 4381 iii.
1357 4345 1383 4381 v.
1398 4325 1427 4387 6,
1445 4339 1472 4396 7.

406 4419 476 4475 -ubi
495 4429 613 4496 utraque
634 4423 696 4479 haec
710 4444 775 4491 vox,
791 4444 855 4482 curu
877 4425 938 4482 aliis
961 4427 1063 4482 muniis
1084 4425 1212 4481 civilibus
1230 4422 1370 4497 jungitur.
1413 4420 1474 4475 Nec

428 4525 653 4592 strategus—nec
666 4521 824 4578 emarchus
837 4531 892 4579 cet.
916 4522 1101 4594 Gauranos]

469 4621 478 4644 ¹
495 4616 576 4689 [For.
592 4617 707 4691 factus]
