3817 5692
468 707 721 773 ARCHELAI
747 709 810 771 ET
836 709 1055 771 MANETIS
1080 708 1389 773 DISPUTATIO.
1428 711 1470 773 37

426 881 654 974 plurimisque
678 881 752 972 ipse
775 881 957 949 civitatem
976 884 1075 949 sua'm
1094 881 1297 970 frequenter
1316 879 1471 972 largitio-

426 996 529 1065 nibus
560 995 861 1075 remunerabatur,
887 994 1098 1086 pauperibus
1129 995 1297 1076 tribuens,
1323 994 1471 1063 afflictos

427 1110 596 1196 relevans,
623 1110 800 1180 tribulatis
828 1108 999 1178 auxilium
1026 1108 1151 1177 ferens.
1205 1107 1276 1177 Sed
1302 1132 1348 1179 ne
1375 1109 1471 1177 infir-

426 1224 551 1294 mitate
579 1224 765 1293 verborum
794 1222 985 1292 virtutibus
1012 1222 1077 1290 viri
1107 1223 1315 1316 derogemus
1342 1226 1470 1314 potius,

427 1360 531 1428 quam
563 1338 670 1431 digna
699 1338 924 1430 proferamus,
952 1338 1027 1406 haec
1056 1338 1187 1407 dixisse
1217 1337 1387 1421 sufficiat3
1427 1339 1470 1407 ad

428 1476 514 1545 opus
548 1454 643 1545 quod
676 1453 893 1546 propositum
929 1463 995 1534 est,
1027 1454 1175 1523 veniam.
1236 1453 1400 1536 Quodam
1434 1455 1470 1523 in

427 1578 587 1661 tempore
610 1591 692 1638 cum
715 1567 893 1637 Archelao
917 1569 1080 1660 episcopo
1106 1568 1326 1660 captivorum
1351 1568 1471 1638 multi-

427 1684 515 1753 tudo
533 1684 656 1754 fuisset
680 1682 798 1752 oblata
821 1705 842 1751 a
865 1682 1047 1765 militibus,
1065 1684 1125 1773 qui
1149 1682 1199 1751 ibi
1222 1693 1335 1753 castra
1357 1706 1472 1754 serva-

429 1799 523 1881 bant,
558 1808 695 1890 septem
731 1796 841 1867 millia
875 1820 1033 1879 numero,
1069 1808 1106 1867 et
1140 1799 1365 1891 septingenti,
1401 1822 1472 1869 non

427 1915 613 1985 mediocris
647 1936 730 1983 eum
764 1912 964 1983 sollicitudo
1000 1914 1270 1996 constrinxerat,
1301 1937 1343 1984 eo
1377 1914 1471 2005 quod

427 2053 489 2122 pro
519 2031 632 2100 salute
663 2031 818 2122 ipsorum
844 2050 970 2099 aurum
1000 2053 1021 2098 a
1049 2028 1222 2099 militibus
1247 2039 1471 2122 posceretur;

427 2144 488 2233 qui
522 2167 604 2213 cum
634 2142 852 2214 dissimulare
882 2166 953 2212 non
984 2152 1112 2235 posset,
1142 2166 1205 2234 pro
1237 2143 1404 2238 religione
1434 2154 1472 2214 et

428 2259 554 2328 timore
572 2259 640 2330 Dei
656 2261 883 2329 vehementer
900 2258 1081 2356 aestuabat,
1096 2268 1133 2329 et
1151 2259 1294 2329 tandem
1312 2260 1357 2329 ad
1373 2258 1472 2330 Mar-

428 2372 557 2442 cellum
574 2397 772 2467 properam,
791 2375 841 2443 rei
861 2382 969 2466 gestae
990 2375 1173 2468 negotium
1197 2376 1353 2465 exponit.
1398 2372 1473 2444 Ve-

410 2510 517 2571 rum,
544 2498 584 2558 nt
611 2490 685 2559 haec
711 2491 846 2560 audivit
873 2492 925 2558 vir
951 2490 1128 2581 piissimus
1154 2487 1357 2567 Marcellus,
1384 2488 1472 2557 nihil

429 2604 571 2674 omnino
596 2615 765 2690 moratus,
783 2604 979 2699 ingreditur
1002 2606 1157 2685 domum,
1174 2628 1370 2697 praeparans
1397 2629 1473 2697 pre·

428 2721 480 2790 tia
508 2721 736 2812 captivomm,
764 2732 1035 2812 quantacunque
1060 2720 1301 2811 poposcissent
1327 2722 1387 2811 qui
1413 2720 1473 2790 de-

430 2835 603 2905 duxerant
637 2837 782 2918 vinctos,
818 2845 856 2907 et
890 2838 1071 2916 continuo,
1107 2835 1268 2905 reseratis
1300 2835 1473 2904 bonorum

429 2970 570 3018 suorum
597 2950 779 3031 thesauris,
803 2951 945 3042 pietatis
970 2949 1084 3042 pretia
1112 2946 1293 3028 militibus,
1317 2969 1383 3017 nec
1408 2969 1474 3015 nu-

429 3085 527 3133 mero
543 3063 670 3156 aliquo,
682 3088 747 3136 nec
761 3066 971 3135 discretione
990 3064 1061 3134 ulla
1079 3063 1296 3156 “distinguit
1308 3071 1349 3132 ut
1361 3062 1474 3155 magis

430 3180 530 3260 dona,
552 3203 657 3270 quam
684 3181 799 3272 pretia
824 3181 1036 3250 viderentur.
1088 3179 1142 3249 At
1168 3178 1219 3248 illi
1247 3179 1409 3249 admirati
1436 3187 1473 3248 et

430 3294 583 3386 amplexi
613 3303 688 3365 tam
718 3296 927 3365 immensam
958 3296 1022 3364 viri
1056 3298 1237 3387 pietatem,
1267 3295 1474 3364 munificen-

430 3410 596 3500 tiamque,
621 3423 659 3480 et
684 3411 766 3481 facti
794 3420 938 3503 stupore
964 3411 1126 3502 permoti,
1150 3408 1314 3500 exemplo
1340 3410 1474 3478 miseri-

430 3526 555 3595 cordiae
572 3521 875 3606 ‘’commonentur,
888 3533 929 3594 ut
942 3523 1084 3615 plurimi
1098 3547 1143 3593 ex
1161 3523 1244 3615 ipsis
1261 3522 1474 3592 adderentur

430 3638 474 3708 ad
495 3638 602 3709 fidem
621 3638 765 3709 Domini
789 3638 900 3709 nostri
921 3636 1008 3708 Jesu
1030 3637 1172 3717 Christi,
1191 3638 1385 3708 ederelicto
1409 3640 1474 3707 mi-

551 3886 674 3949 eForte,
689 3884 838 3941 distribuit.
1008 3880 1023 3924 ‘¹
1039 3884 1132 3948 Forte,
1148 3891 1351 3939 commoventur.

471 3986 688 4043 eAbhorruisse
708 4004 725 4041 a
742 3985 842 4042 militia
857 3983 1035 4041 Christianos
1052 3983 1199 4057 primitivas
1221 3982 1355 4046 ecclesiae,
1370 4001 1406 4038 ne
1422 3982 1473 4037 Pa-

430 4101 569 4159 ganorum
591 4081 769 4145 commercio,
784 4089 869 4155 atque
890 4078 1135 4154 superstitionibus
1149 4078 1365 4142 macularentur,
1380 4078 1475 4135 notius

430 4190 475 4238 est
495 4199 531 4238 ex
548 4179 721 4236 Tertulliano
742 4177 778 4234 de
796 4176 913 4234 Corona
932 4176 1035 4234 Militis
1056 4195 1117 4250 cap.
1134 4194 1176 4232 rr.
1192 4195 1276 4250 quam
1297 4184 1329 4231 ut
1349 4175 1475 4250 pluribus

431 4277 618 4335 demonstrari
640 4293 711 4351 opus
736 4275 780 4331 sit.
824 4273 882 4331 Sed
903 4274 939 4330 ad
961 4273 1158 4330 illustrandum
1180 4272 1257 4330 hunc
1278 4272 1475 4347 disputationis

431 4375 562 4431 Archelai
584 4393 648 4431 cum
673 4372 791 4429 Manete
815 4372 918 4435 locum,
942 4371 1093 4446 plurimum
1115 4370 1192 4438 facit,
1214 4369 1290 4444 quod
1310 4369 1414 4426 ibidem
1436 4369 1476 4424 ait

429 4471 625 4528 Tertullianus.
668 4470 757 4526 Plane
776 4470 802 4524 ai
823 4489 889 4544 quos
908 4470 1007 4525 militia
1023 4476 1177 4543 proventus
1190 4468 1264 4541 fides
1280 4466 1417 4540 posterior
1433 4466 1474 4520 ia-

430 4569 511 4633 oenit,
526 4569 581 4624 ulia
599 4568 715 4625 conditio
734 4575 785 4631 eat,
799 4575 828 4623 ut
842 4567 951 4623 illorum
966 4585 1031 4640 quos
1044 4566 1164 4622 Ioannes
1180 4562 1337 4619 admittebat
1351 4563 1387 4618 ad
1399 4561 1474 4617 lovo-

431 4682 524 4733 crum,·
555 4674 584 4721 ut
608 4666 790 4723 mturioaum
808 4664 1040 4739 fidelissimorum,
1062 4682 1138 4737 quem
1164 4660 1294 4717 Christus
1316 4660 1424 4734 probru,
1449 4667 1476 4715 et
