3817 5692
489 705 551 768 128
709 701 963 766 ARCHELAI
997 700 1060 763 ET
1093 700 1314 764 MANETIS

486 875 553 945 nisi
581 895 685 965 super
712 895 804 953 oum,
823 872 884 964 qui
912 870 959 941 do
981 866 1115 941 ¹Maria
1137 868 1205 940 Dei
1223 870 1405 941 Gonitrico
1430 880 1535 941 natus

488 999 552 1072 est,
570 990 622 1059 ita
638 997 675 1058 et
692 989 728 1057 in
746 987 885 1057 nullum
902 986 1013 1056 olium
1032 986 1185 1079 Spiritus
1204 986 1400 1057 Paraclitus
1417 989 1536 1056 venire

488 1113 638 1199 poterat,
656 1104 724 1173 nisi
748 1126 853 1194 super
870 1101 1071 1194 Apostolos,
1089 1111 1128 1171 ot
1151 1125 1255 1194 super
1277 1102 1423 1172 beatum
1445 1101 1537 1171 Pau-

488 1220 575 1291 lum.
628 1226 636 1254 ¹
652 1215 721 1288 Vos
738 1218 830 1288 enim
848 1216 1030 1299 electionis,
1049 1218 1177 1310 inquit,
1194 1215 1282 1288 miti
1298 1227 1357 1297 est,
1375 1227 1412 1289 ut
1422 1226 1538 1313 portet

489 1358 611 1406 nomeu
637 1356 748 1405 meum
774 1334 812 1404 in
838 1342 1016 1427 conspeetu
1039 1356 1168 1430 reyum,
1185 1342 1217 1404 et
1237 1335 1403 1430 yentium.
1455 1334 1537 1427 Ipso

490 1474 632 1545 quoque
657 1452 695 1521 in
721 1451 835 1543 prima
851 1449 1002 1542 epistola
1017 1471 1082 1519 sua
1098 1450 1225 1542 posuit,
1244 1451 1375 1534 dicens,
1393 1448 1538 1522 'Seoue-

489 1567 571 1639 dum
585 1567 750 1663 oratiam,
767 1588 845 1659 quee
862 1564 944 1636 dete
965 1573 1014 1635 est
1034 1563 1121 1635 mihi
1136 1589 1158 1636 e
1175 1563 1262 1648 Deo,
1281 1574 1318 1636 ut
1334 1567 1399 1637 sim
1418 1568 1538 1638 minis·

490 1693 543 1755 ter
560 1680 698 1757 Christi
726 1680 765 1752 in
789 1679 959 1777 yeute'bue,
985 1703 1186 1752 consecrem
1210 1680 1436 1779 Eoonyelium
1455 1680 1536 1753 Dei.

491 1806 503 1845 ³
518 1796 701 1869 Veritatem
719 1795 797 1867 dieo
819 1796 857 1866 io
876 1792 1027 1879 Christo,
1044 1819 1114 1867 nou
1135 1797 1290 1880 mentior,
1308 1799 1537 1869 testimouium

492 1911 580 1983 mihi
607 1909 807 2006 perhibente
835 1911 1043 1982 eoeueientiu
1070 1935 1145 1983 mee
1175 1913 1213 1983 in
1237 1911 1379 2007 Spiritu
1412 1924 1538 1985 saneto.

493 2027 543 2099 Et
572 2051 710 2099 rursum
745 2028 805 2110 ait,
833 2025 933 2097 ⁴Nou
966 2028 1056 2097 euim
1087 2028 1195 2099 audeo
1229 2028 1415 2123 quidquem
1445 2028 1541 2123 loqui

492 2170 622 2232 eoeum,
652 2167 730 2239 queo
759 2167 824 2238 per
854 2166 906 2213 me
940 2166 1009 2213 uou
1041 2141 1149 2240 effecit
1183 2142 1344 2218 cerutus
1377 2145 1476 2218 uerbo
1508 2156 1540 2217 et

481 2259 606 2357 foetis.
659 2256 753 2354 ⁵Eyo
769 2257 859 2329 enim
877 2280 952 2326 sum
971 2256 1207 2327 saevissimus
1224 2257 1376 2328 omnium
1393 2256 1540 2352 Aposto-

492 2381 618 2468 ioeum,
635 2381 696 2475 qui
712 2402 782 2451 nou
798 2403 874 2449 eum
891 2376 1016 2474 diosus
1032 2380 1150 2450 ooeuri
1165 2377 1361 2473 Apostolus.
1413 2378 1540 2451 Gratia

459 2485 466 2498 ’
492 2506 605 2569 eutem
621 2494 695 2567 Dei
710 2518 786 2565 oum
804 2493 845 2565 id
864 2492 958 2587 quod
971 2518 1059 2564 oum.
1110 2493 1159 2563 Et
1176 2516 1236 2566 eos
1253 2497 1313 2587 qui
1330 2496 1541 2589 euperimeu·

493 2621 565 2683 tum
595 2608 792 2705 querebant
821 2609 905 2701 eiuo,
931 2610 993 2704 qui
1018 2610 1057 2680 in
1082 2632 1121 2680 eo
1145 2608 1344 2704 loquebatur
1368 2607 1540 2696 Christus,

497 2729 572 2798 vult
588 2737 775 2820 propterea
794 2726 935 2807 habero,
954 2726 1037 2817 quia
1059 2736 1153 2796 esset
1178 2727 1215 2795 in
1241 2727 1316 2818 ipso
1335 2725 1541 2811 Paraclitus,

494 2847 595 2937 cujus
612 2843 767 2914 muneris
789 2843 939 2936 gratiam
958 2851 1178 2924 consecutus,
1196 2850 1234 2912 et
1252 2842 1463 2936 ¹¹magnifico
1480 2844 1543 2913 ho-

495 2985 581 3032 noro
608 2962 742 3030 ditatus
768 2962 831 3044 eit,
855 2955 950 3029 6Ρνο
975 2981 1042 3052 quo
1067 2967 1119 3029 ter
1134 2955 1327 3029 Dominum
1350 2959 1479 3056 roqeui,
1505 2968 1543 3030 ut

494 3072 682 3145 diseederet
709 3095 731 3142 u
760 3096 837 3141 me:
864 3081 896 3142 et
923 3071 1017 3142 dieii
1047 3069 1146 3153 milii,
1170 3070 1307 3166 Sufficit
1337 3072 1400 3144 tibi
1424 3075 1542 3171 yrutiu

496 3213 591 3268 meu,·
616 3211 697 3258 uem
716 3188 825 3258 virtus
845 3187 884 3256 iu
908 3186 1110 3280 infimitate
1132 3188 1322 3282 perficitur.
1376 3190 1541 3274 Rursum,

496 3307 579 3397 quia
596 3328 678 3375 vero
704 3305 779 3397 ipss
807 3304 853 3375 sit
879 3302 1087 3386 Psroolitus,
1111 3305 1171 3396 qui
1197 3314 1272 3375 erat
1298 3307 1334 3375 in
1353 3306 1544 3404 Paulooit

497 3419 676 3491 Dominus
710 3427 830 3490 noster
856 3415 962 3488 Jesus
997 3417 1159 3490 Christus
1188 3421 1224 3489 in
1254 3420 1458 3516 Evangelio,
1483 3422 1545 3496 ’δι’

496 3532 643 3631 diiiyitis
672 3559 734 3616 me,
761 3532 924 3605 mandute
957 3556 1032 3604 mea
1061 3544 1200 3606 servate.
1251 3535 1301 3608 Et
1330 3561 1390 3634 eyo
1419 3538 1544 3636 royubo

496 3645 640 3718 Putrem
666 3673 788 3733 meum,
805 3655 837 3719 et
862 3646 969 3718 ulium
987 3646 1205 3721 Poraolitum
1228 3649 1323 3723 dubit
1345 3651 1447 3724 uobis.
1499 3654 1543 3723 In

497 3788 568 3856 quo
598 3767 754 3836 ostendit
783 3766 892 3837 otiam
920 3767 1075 3857 seipsum
1099 3764 1325 3852 Porselitum,
1349 3794 1431 3843 cum
1458 3771 1544 3842 dicit

496 3881 619 3953 olium.
671 3882 779 3953 Unde
804 3884 989 3953 eredentes
1018 3880 1140 3966 Paulo,
1157 3886 1356 3958 audivimus
1382 3910 1464 3959 eum
1492 3889 1544 3957 di-

539 4029 547 4077 Ι
563 4031 690 4105 (Videsis
704 4040 764 4088 not.
780 4031 810 4088 in
821 4030 946 4087 Africani
956 4030 1009 4105 Ep.
1021 4032 1184 4090 udAristid.
1194 4053 1222 4108 p.
1233 4051 1302 4108 332.
1318 4036 1373 4093 vol.
1383 4036 1412 4092 ii.
1427 4036 1529 4111 Reliq.)

538 4137 559 4165 ‘¹¹
574 4127 679 4184 Melius
694 4126 829 4200 Vulgata,
845 4126 978 4190 minim,
993 4145 1087 4201 graece
1100 4128 1185 4194 enim,
1201 4131 1348 4202 ἐλάχιστος.

540 4234 556 4265 ¹¹
577 4224 611 4281 In
632 4224 730 4280 codice
750 4220 898 4280 Cesinensi
921 4231 974 4287 est,
997 4225 1138 4299 moynijieo
1160 4226 1211 4284 ioc
1231 4247 1297 4295 ore;
1318 4230 1368 4287 sed
1392 4230 1545 4305 legendum

498 4320 595 4378 censui
608 4320 715 4376 honore.

520 4424 527 4447 ¹
542 4416 611 4472 Act.
622 4416 660 4472 ix.
673 4431 719 4491 15.
791 4421 799 4444 ¹
814 4416 867 4492 Ep.
881 4419 918 4476 sd
932 4419 1017 4478 Rom.
1028 4438 1089 4495 esp.
1099 4440 1147 4478 xv.
1163 4439 1206 4495 15,
1223 4422 1268 4480 16.
1339 4428 1349 4460 ³
1363 4423 1436 4480 Ibid.
1447 4424 1485 4480 ix.
1499 4442 1523 4480 1.

518 4519 529 4547 ⁴
543 4512 616 4569 Ibid.
632 4532 678 4568 xv.
694 4512 740 4568 18.
834 4518 842 4550 ⁵
862 4534 872 4570 1
892 4516 928 4573 sd
942 4516 1009 4574 Cor.
1024 4538 1070 4574 xv.
1082 4537 1111 4593 9,
1129 4537 1172 4575 ιο.
1262 4518 1273 4547 ⁶
1289 4537 1304 4575 2
1318 4519 1384 4578 Cor.
1395 4522 1442 4577 xii.
1456 4520 1484 4585 8,
1496 4539 1524 4594 9.

519 4609 528 4639 ⁷
543 4606 626 4662 Joan.
641 4607 695 4663 xiv.
711 4620 756 4682 15.
775 4610 817 4665 16.
