3817 5692
612 691 857 754 RESPONSA
880 691 947 753 ΑΙ)
972 690 1235 753 EPlSCOI'OS.
1411 692 1475 759 239

430 878 449 906 “
468 866 635 945 fecundae,
670 864 946 956 multiplicantes
981 864 1015 932 in
1051 863 1206 933 exitibus
1240 864 1330 946 suis3
1368 864 1475 935 boves

431 995 449 1023 ‘⁶
467 1006 589 1053 eorum
620 983 744 1051 crassi:
772 1005 841 1050 non
869 991 924 1051 est
950 982 1050 1051 ruina
1075 982 1250 1065 maceriae,
1271 1004 1387 1071 neque
1412 1004 1475 1051 ex-

429 1113 449 1140 “
467 1101 549 1182 itus,
583 1120 699 1188 neque
733 1096 866 1165 clamor
898 1098 934 1165 in
970 1095 1096 1186 plateis
1130 1119 1262 1166 eorum.
1320 1096 1472 1167 Beatum

333 1234 338 1243 ·
429 1216 632 1284 “dixerunt
662 1211 832 1304 populum
863 1212 920 1281 eui
950 1212 1025 1282 haee
1055 1220 1150 1295 suut,
1168 1212 1294 1283 beatus
1324 1214 1474 1305 populus

429 1340 448 1368 ‘⁶
466 1331 565 1420 eujus
583 1338 637 1397 est
656 1327 831 1397 Dominus
850 1326 948 1397 Deus
965 1328 1105 1418 ipsius.”
1156 1327 1195 1398 Si
1213 1351 1297 1422 ergo
1315 1331 1371 1397 isti
1390 1338 1472 1398 sunt

428 1444 488 1513 filii
517 1443 633 1524 alieni,
651 1444 710 1533 qui
737 1444 771 1511 in
799 1442 903 1511 rebus
929 1442 1183 1534 temporalibus
1203 1453 1240 1513 et
1257 1445 1473 1514 abundantia

428 1569 575 1627 terrenae
609 1555 789 1626 felicitatis
824 1556 1080 1626 beatitudinem
1110 1567 1258 1649 ponunt,
1288 1568 1326 1628 et
1356 1560 1474 1629 divina

428 1680 607 1763 praecepta
636 1679 881 1752 contemnunt,
909 1671 1091 1741 videamus
1121 1673 1148 1740 si
1179 1695 1249 1742 non
1275 1673 1382 1743 iidem
1409 1676 1474 1766 ipsi

429 1796 512 1856 sunt
542 1788 587 1856 de
617 1786 745 1878 quibus
774 1783 970 1877 Cyprianus
1000 1786 1051 1855 ita
1081 1786 1179 1869 dicit,
1208 1788 1244 1855 in
1270 1808 1308 1856 se
1333 1809 1474 1878 qnoque

429 1904 678 1996 transfigurans
695 1924 766 1983 eos,
785 1913 823 1970 ut
850 1903 894 1971 de
920 1901 974 1971 his
1000 1924 1038 1970 se
1063 1900 1180 1970 dicere
1200 1903 1374 1985 ostendat,
1391 1926 1472 1973 cum

428 2019 555 2109 quibus
584 2025 804 2088 sacramenta
832 2018 1135 2087 communicabat:
1164 2015 1258 2087 Dum
1287 2018 1376 2088 oium
1399 2014 1475 2087 Do·

428 2136 527 2218 mini,
546 2134 671 2225 inquit,
690 2155 758 2202 non
776 2141 934 2213 tenemus,
954 2156 1015 2202 nec
1035 2130 1117 2202 doto
1143 2130 1239 2202 erodis
1264 2130 1312 2201 ad
1331 2131 1473 2203 salutem

428 2247 574 2319 celestio
603 2247 766 2318 mooduto
794 2271 978 2319 emamus.
1029 2246 1127 2318 Fecit
1156 2246 1330 2319 Dominus
1360 2257 1474 2319 noster

427 2361 628 2433 voluntatem
646 2363 782 2447 Putria,
799 2373 830 2434 et
851 2387 913 2434 nos
932 2386 1000 2433 oon
1011 2361 1170 2457 facimus
1188 2362 1336 2434 Domini
1356 2363 1473 2436 codun-

429 2487 539 2561 totem‚
557 2479 771 2573 patrimonio
801 2488 832 2549 et
861 2477 957 2549 lucro
986 2478 1164 2561 studenter,
1186 2478 1378 2574 snperbiam
1404 2505 1473 2551 sec·

429 2602 546 2674 tontes,
573 2603 610 2663 et
636 2604 763 2663 cetera.
816 2593 897 2686 (Ep.
916 2593 966 2665 ΙΙ.
989 2595 1033 2663 ad
1056 2594 1236 2683 Clericoa)
1288 2594 1339 2665 At
1362 2598 1388 2665 si
1414 2598 1470 2666 isti

428 2710 641 2801 baptismum
666 2718 704 2780 et
727 2710 856 2779 babere
879 2718 916 2779 et
933 2710 1073 2779 tradere
1095 2718 1269 2802 poterant,
1288 2733 1351 2779 cur
1368 2734 1473 2803 nega-

428 2834 487 2893 tur
509 2846 584 2894 esse
607 2847 707 2916 posse
729 2826 766 2894 in
787 2824 868 2895 liliis
889 2824 1035 2895 alienis?
1061 2847 1149 2916 quos
1173 2836 1291 2895 tamen
1313 2826 1474 2896 hortatur

428 2948 468 3008 nt
486 2939 639 3009 caelestia
655 2941 822 3010 mandata
838 2942 1020 3022 servando,
1038 2943 1144 3011 missa
1160 2942 1224 3011 sibi
1244 2964 1307 3033 per
1329 2943 1474 3012 unicum

430 3055 574 3139 Filium,
592 3056 716 3125 fratres
733 3057 808 3148 ejus
825 3067 864 3126 et
880 3058 942 3125 lilii
961 3056 1030 3128 Dei
1048 3080 1124 3128 esse
1143 3067 1353 3127 mereantur.

478 3169 682 3240 Victorinus
716 3193 737 3241 a
765 3170 946 3241 Thabraca
980 3172 1090 3243 dixit:
1115 3171 1160 3244 Si
1194 3170 1271 3242 licet
1304 3170 1474 3243 hereticis
1483 3182 1546 3230 car.
1560 3196 1599 3243 31-

427 3284 613 3379 boptizore,
638 3293 669 3355 et
698 3287 876 3357 remissum
904 3296 1120 3381 peccatoram
1148 3287 1254 3368 dare:
1284 3287 1370 3383 quid
1397 3287 1474 3359 illos

427 3399 637 3496 irrsorrmmus
655 3409 692 3470 ut
708 3398 886 3473 hereticos
903 3402 1141 3498 appellemus?

477 3516 584 3599 Quid,
602 3518 630 3585 si
648 3516 737 3586 alius
754 3515 899 3601 diceret,
919 3517 957 3589 Si
978 3518 1060 3589 licet
1083 3520 1212 3611 iniquis
1229 3521 1418 3613 baptizare,
1436 3531 1473 3592 et

426 3634 605 3702 remissam
629 3641 852 3724 peccatorum
873 3636 967 3718 dare,
986 3636 1069 3725 quid
1092 3634 1173 3705 illos
1194 3636 1414 3718 infamamus,
1433 3646 1474 3707 ut

427 3745 564 3835 iniquos
586 3745 665 3817 illos
687 3747 928 3839 appellemus?
965 3750 1069 3832 Quod
1096 3750 1178 3821 huic
1205 3752 1475 3844 responderetur

426 3861 471 3928 de
493 3862 632 3950 iniquis,
649 3862 716 3932 hoc
738 3871 776 3932 et
802 3862 852 3932 illi
878 3866 1132 3956 respondeatur
1153 3867 1197 3936 de
1218 3867 1411 3951 haereticis3
1436 3870 1473 3938 id

426 3983 492 4056 est,
511 3997 626 4065 neque
649 3998 770 4045 eornm
797 4001 872 4048 esse
899 3980 1114 4072 baptismum
1136 4006 1205 4073 quo
1226 3984 1417 4076 baptizant,
1436 3993 1475 4054 et

426 4112 496 4157 non
522 4112 599 4160 esse
624 4114 841 4184 consequens
866 4104 907 4164 ut
936 4098 1092 4188 quisquis
1119 4098 1228 4169 habet
1258 4100 1473 4193 baptismum

427 4204 569 4287 Christi,
587 4207 695 4276 etiam
714 4208 758 4277 de
779 4220 1005 4300 peccatorum
1024 4212 1228 4284 remissione
1245 4238 1388 4286 securus
1405 4218 1472 4299 sit;

426 4319 454 4386 si
480 4318 546 4389 hoc
572 4322 606 4389 in
633 4333 853 4393 sacramento
879 4334 1019 4395 tantum
1045 4327 1163 4410 habet,
1182 4352 1247 4399 nec
1265 4332 1379 4400 veraci
1397 4354 1473 4401 cor·

426 4433 478 4502 dis
500 4430 746 4507 l‘conversione
768 4462 958 4510 conversus
980 4451 1044 4523 est,
1063 4454 1104 4511 ut
1130 4444 1327 4515 dimittenti
1354 4446 1473 4516 dimit-

426 4560 571 4619 teretur.

531 4723 545 4760 l
562 4723 660 4780 Plures
675 4725 764 4783 MSS.
780 4728 953 4802 carpetanae.
999 4728 1099 4796 (Adde
1113 4730 1232 4789 alterum
1248 4744 1366 4811 rnenrn.)
