3817 5692
654 637 896 758 RESPONCA
921 694 988 757 AD
1012 694 1275 760 EPISCOPOS.
1421 699 1488 764 att

438 872 604 962 sequitur,
630 870 735 939 simul
761 871 798 939 in
824 871 961 941 foveam
988 870 1140 953 cadunt;
1166 894 1233 941 nec
1259 872 1338 942 ideo
1364 880 1485 943 tamen

438 985 653 1077 baptismum
671 985 727 1055 vel
745 1008 815 1054 non
833 984 977 1067 habent,
995 985 1051 1055 vel
1069 1008 1138 1056 nou
1158 986 1314 1055 tradunt.

488 1100 627 1171 Natalis
660 1102 705 1172 ab
737 1099 813 1171 Oia
842 1101 954 1171 dixit:
986 1098 1072 1171 Tam
1103 1124 1162 1197 epo
1187 1123 1351 1193 praesmss,
1382 1110 1606 1195 potensest-⁴7·

437 1214 624 1311 Pompeiam
648 1215 876 1298 Sabratensis,
894 1241 996 1311 qoam
1024 1217 1126 1287 etiam
1151 1214 1269 1313 Diope
1290 1214 1485 1314 Leptimap·

437 1334 562 1414 massis,
581 1334 641 1427 qai
658 1332 746 1403 milei
766 1333 1023 1417 mandaverant,
1041 1357 1182 1427 conpore
1207 1332 1344 1426 quidem
1369 1330 1486 1403 absen-

438 1456 495 1530 tes,
508 1449 638 1541 spirita
649 1458 847 1542 prasoides,
861 1472 1031 1520 censemus
1049 1448 1141 1542 qaod
1156 1457 1187 1519 et
1204 1447 1339 1546 collepa
1355 1451 1484 1528 nostric

438 1564 530 1657 qood
546 1562 699 1635 haretici
716 1565 1052 1636 communicationem
1076 1561 1198 1633 dobere
1219 1561 1390 1635 ccobiscam
1414 1588 1484 1636 scon

432 1688 587 1773 possunt,
606 1680 677 1752 misi
693 1679 917 1752 ecclesiastico
934 1678 1100 1773 baptismo
1117 1677 1441 1773 baptizatisneriat.

489 1796 865 1879 communicationem,
883 1796 998 1879 credo,
1016 1818 1095 1865 eam
1117 1796 1212 1877 dicit,
1230 1820 1312 1887 quae
1330 1797 1484 1887 pertinet

438 1911 482 1981 ad
496 1910 667 1982 columbae
680 1912 884 1982 societatem
899 1934 907 1982 τ
934 1935 1016 1982 nam
1034 1912 1070 1980 in
1088 1912 1357 2003 participatione
1372 1934 1485 1982 sacra-

438 2036 638 2097 mentorum
652 2028 774 2121 procul
787 2028 894 2099 dubio
908 2027 1218 2098 communicabant
1231 2029 1291 2108 eis,
1304 2028 1484 2098 neminem

429 2142 641 2232 judicantes,
656 2168 721 2214 nec
738 2168 760 2214 a
769 2145 851 2236 jure
868 2145 1125 2222 communionis
1142 2143 1305 2235 aliquem,
1324 2144 1353 2214 si
1370 2144 1485 2215 diver·

436 2280 514 2328 sum
533 2261 689 2342 sentiret,
704 2270 919 2330 amoventes.
951 2260 1024 2331 Sed
1042 2258 1202 2353 quolibet
1220 2260 1326 2330 modo
1343 2260 1483 2342 dixerit,

435 2397 507 2443 non
532 2396 746 2468 magnopere
772 2375 879 2446 verba
904 2375 982 2447 haec
1008 2375 1201 2445 refellenda
1226 2385 1319 2446 sunt.
1376 2375 1484 2448 Certe

436 2491 531 2559 enim
555 2494 641 2559 tnon
669 2493 908 2561 communicet
932 2490 1129 2573 haereticus,
1156 2492 1220 2560 nisi
1247 2490 1484 2561 ecclesiastico

438 2606 611 2697 baptismo
629 2606 837 2698 baptizatus.
890 2606 1039 2676 Constat
1061 2616 1183 2676 autem
1206 2605 1484 2676 ecclesiasticum

362 2787 364 2792 .
435 2744 511 2791 esse
537 2722 752 2815 baptismum
778 2724 886 2794 etiam
910 2723 1004 2815 apud
1029 2722 1213 2792 haereticos
1230 2722 1344 2792 verbis
1367 2719 1485 2793 Evan-

434 2837 556 2931 gelicis
579 2848 842 2911 consecratum:
868 2840 961 2910 sicut
986 2840 1101 2931 ipsum
1120 2838 1353 2932 Evangelium
1370 2838 1484 2910 eccle·

434 2954 612 3023 siasticum
632 2964 696 3034 est,
715 2978 780 3026 uec
806 2956 849 3025 ad
877 2978 999 3024 eorum
1026 2956 1181 3046 pertinet
1203 2956 1482 3047 perversitatem,

433 3070 495 3139 sed
514 3071 637 3161 utique
655 3095 755 3142 suam
776 3073 906 3142 retinet
924 3073 1182 3142 usanctitatem.

483 3185 612 3256 Junius
630 3210 651 3257 a
668 3187 818 3279 Neapoli
836 3189 949 3257 dixit:
975 3186 1033 3257 Ab
1049 3210 1099 3269 eo,
1117 3185 1209 3281 qnod
1227 3185 1330 3257 semei
1350 3187 1602 3272 cesai-can.

433 3324 518 3382 mos,
536 3325 605 3373 nme
621 3302 749 3385 recedo,
771 3312 809 3373 ot
832 3300 1010 3374 hereticos
1034 3302 1201 3374 venientes
1227 3300 1275 3372 ad
1288 3300 1480 3373 Ecclesiam

431 3414 651 3511 baptizemus.

483 3532 555 3603 Hic
578 3535 660 3625 quia
681 3534 815 3604 nullam
832 3535 1007 3604 rationem
1025 3534 1082 3603 vel
1100 3533 1344 3604 testimonium
1363 3533 1481 3627 Scrip-

430 3658 589 3721 turarum
607 3649 748 3733 adtulit,
767 3651 827 3720 diu
844 3646 908 3720 fios
926 3660 1048 3720 tenere
1065 3672 1134 3718 nou
1154 3648 1271 3719 debet.

481 3764 676 3858 Cyprianus
698 3790 719 3836 a
741 3766 955 3859 Carthagine
986 3766 1100 3835 dixit:
1126 3763 1246 3834 Meam
1275 3765 1599 3847 sententiamcm.49.

425 3880 626 3975 plenissime
642 3882 807 3975 eaprimit
823 3880 975 3976 epistola,
993 3904 1070 3974 qna
1086 3878 1133 3950 od
1146 3878 1362 3951 Jndoiaaum
1380 3879 1478 3953 colle·

425 4021 506 4092 qam
525 4007 679 4069 nostram
695 3999 825 4091 scripta
841 4005 911 4075 est:
931 3994 1109 4067 hereticos
1124 3995 1308 4067 comodum
1321 3996 1479 4093 Evonpe-

429 4113 532 4185 licam
543 4120 574 4185 et
582 4109 817 4207 Apostolicam
829 4112 1102 4184 contestationem
1112 4110 1329 4183 adversarios
1341 4109 1478 4186 Christi

429 4242 461 4302 et
486 4229 706 4319 antichristos
731 4227 924 4325 appellatos,
942 4228 1079 4324 qmmdo
1104 4227 1152 4299 ad
1165 4226 1356 4299 Ecclesiam
1379 4252 1475 4299 neme-

406 4387 409 4394 ·
429 4348 513 4429 ciat,
528 4347 628 4418 scaico
644 4344 810 4431 Ecclesia
826 4344 992 4440 baptismo
1008 4343 1231 4439 baptizandos
1248 4367 1326 4426 esse,
1345 4350 1382 4413 at
1393 4365 1475 4437 pos-

672 4547 683 4588 t
698 4546 878 4603 Corbeiensis
892 4545 956 4601 cod.
972 4563 1034 4600 anm
1049 4544 1232 4600 communicet.

668 4653 684 4684 ¹¹
699 4642 796 4699 Plures
810 4639 899 4699 MSS.
913 4641 1067 4697 sanitatem.
