3817 5692
588 702 623 764 S.
648 701 933 766 SCRIPTURAE
959 703 1321 769 ANTE-NICAENA.
1410 706 1474 768 341

426 895 531 965 quam
561 875 636 966 ipsa
665 872 798 945 Christi
827 875 970 947 schola?
1005 899 1092 968 quos
1123 887 1160 947 et
1190 879 1256 949 sibi
1287 878 1476 971 discipulos

426 987 602 1060 Dominus
621 990 804 1082 adoptavit
825 991 943 1061 omnia
965 991 1089 1084 utique
1106 993 1326 1076 edocend0s3
1352 1003 1390 1063 et
1413 1017 1476 1063 110-

426 1102 480 1173 bis
496 1105 682 1198 magistros
698 1106 882 1177 adornavit
900 1108 1020 1177 omnia
1036 1108 1161 1201 utique
1178 1108 1354 1179 docturos.
1407 1107 1476 1179 Cui

426 1220 544 1310 potius
566 1221 717 1314 figuram
734 1221 829 1292 vocis
855 1244 929 1293 suae
955 1222 1176 1307 declarasset,
1195 1247 1300 1316 quam
1322 1224 1381 1294 eui
1404 1224 1478 1295 effi-

425 1335 522 1427 giem
538 1334 657 1428 gloriae
674 1359 744 1406 suae
763 1335 931 1407 revelavit
941 1360 951 1420 ;
979 1336 1097 1422 Petro,
1116 1338 1262 1421 Jacobo,
1279 1340 1304 1409 J
1305 1342 1422 1424 oanni,
1440 1352 1478 1411 et

427 1461 551 1541 postea
568 1449 691 1532 Paula,
710 1474 815 1543 quem
839 1453 989 1544 paradisi
1012 1475 1151 1544 quoque
1168 1464 1370 1545 compotem
1392 1455 1477 1525 fecit

428 1573 512 1635 ante
542 1567 772 1659 martyrium?
821 1566 883 1636 An
912 1576 949 1637 et
979 1566 1032 1637 illi
1057 1567 1162 1637 aliter
1186 1591 1292 1659 quam
1318 1569 1478 1639 sentiunt

429 1681 597 1762 scribunt,
615 1680 764 1753 fallaoiae
787 1684 946 1776 magistri
973 1706 1045 1753 non
1069 1682 1252 1754 veritatis?
1281 1681 1479 1777 διαιρέσει,

430 1819 506 1888 cap.
522 1800 580 1865 12.
597 1820 631 1889 p.
643 1800 728 1875 497.

696 2014 733 2084 S.
750 2013 909 2085 Smafflo
929 2012 1211 2085 Amocnmus.

477 2142 597 2229 Ἡμεῖς
626 2141 704 2240 γὰρ,
735 2142 890 2240 ἀδελφοὶ,
919 2143 973 2213 καὶ
1004 2142 1142 2240 Πέτρον
1171 2145 1224 2215 καὶ
1253 2143 1329 2220 τοὺς
1359 2142 1482 2223 ἅλλους

430 2259 643 2336 ιἰποστόλους
676 2257 910 2355 ἀποδεχόμεθα
940 2261 980 2336 ὡς
1006 2258 1174 2356 Χριστόν,
1203 2257 1249 2332 τὰ
1277 2258 1311 2331 όέ
1341 2260 1480 2345 ὀνόματι

430 2376 534 2446 αὐτῶν
560 2373 835 2471 ψευδεπίγραφα,
858 2377 898 2451 ὡς
923 2375 1072 2471 ἔμπειροι
1098 2376 1358 2471 παραιτούμεθα·
1387 2378 1483 2467 γινό-

431 2517 565 2563 σκοντες
577 2486 631 2557 ότι
644 2484 689 2557 τὰ
702 2493 842 2558 τοιαῦτα
854 2488 891 2555 αὖ
902 2484 1148 2584 παρελάβομεν.
1166 2486 1274 2581 Apud
1286 2488 1481 2559 Eusebium

431 2601 529 2673 Hist.
547 2600 641 2673 Eccl.
660 2603 705 2671 vi.
725 2606 783 2672 12.
804 2625 839 2694 ρ.
853 2605 937 2672 404.
956 2601 1011 2671 ed.
1030 2600 1179 2671 Burton.
1232 2599 1357 2694 Agens
1380 2602 1483 2672 Sera-

432 2718 491 2810 pio
514 2718 552 2786 in
577 2715 665 2788 libro
691 2715 732 2787 de
752 2713 858 2787 Petri
876 2714 1067 2813 Ευαυροίίο
1084 2712 1390 2811 Ριουᾶυρὶρναρήο
1408 2714 1482 2786 haec

433 2832 565 2904 scribit.

712 2987 948 3060 Pomcamas
974 2985 1196 3059 Eaaasmus

483 3112 590 3185 Οὗτοι
607 3108 728 3187 πάντες
744 3112 907 3207 ἐτήρησαν
923 3111 984 3191 τήν
1002 3111 1121 3207 ἡμέραν
1137 3118 1196 3193 τής
1208 3110 1484 3206 τεσσαρεσκαιδε-

433 3223 532 3308 κότης
555 3233 617 3297 τοῦ
641 3221 761 3321 πάσχα
786 3223 872 3297 κατὰ
896 3224 939 3296 τὸ
966 3227 1164 3318 εὐαγγέλιον
1186 3224 1282 3308 μηδὲν
1302 3227 1484 3321 παρεκβαί-

435 3374 552 3424 νοντες,
564 3341 654 3413 ἀλλὰ
671 3339 756 3413 κἀτᾶ
774 3339 834 3413 τόν
850 3341 968 3411 κανόνα
985 3350 1044 3423 τῆς
1061 3341 1203 3417 πίστεως
1220 3340 1483 3414 ἀκολουθοῦντες.

434 3456 542 3552 Apud
561 3458 766 3542 Eusebium,
784 3455 880 3528 His-t.
894 3454 989 3527 Eccl.
1009 3480 1040 3526 v.
1056 3460 1115 3527 24.
1133 3478 1167 3547 p.
1182 3452 1267 3526 368.
1285 3455 1371 3525 edit.
1394 3454 1485 3524 Bur-

333 3568 336 3573 *
435 3583 509 3646 ton.

678 3731 715 3801 S.
737 3732 911 3802 Casama
935 3729 1248 3799 Aisxasnamus.

488 3861 555 3935 Διὰ
575 3869 679 3933 τοῦτο
700 3860 765 3958 ἄρα
785 3864 946 3943 μυστικῶς
962 3857 1005 3928 τό
1023 3860 1054 3927 έν
1071 3864 1119 3947 τῷ
1136 3857 1322 3946 ἆποστόλφ
1341 3856 1484 3951 (Paulo)

435 3977 530 4072 ἅγιον
549 3976 683 4059 Πνεῦμα
703 3982 745 4068 τῇ
771 3981 833 4045 τοῦ
858 3973 984 4067 Κυρίου
1008 3971 1245 4066 ἆποχρῶμενον
1269 3975 1370 4066 φωνῇ,
1388 3966 1485 4040 Γάλα

437 4094 518 4176 ὑμᾶς
534 4092 678 4162 έπότισα
693 4089 728 4177 (l
745 4086 920 4159 00131112
936 4091 959 4178 ),
975 4086 1080 4177 λέγει.
1106 4086 1135 4154 εἷ
1151 4081 1220 4181 γὰρ
1236 4083 1486 4174 ἇνεγεννήθημεν

438 4211 481 4283 εἷς
499 4203 664 4294 Χριστὸν,
687 4207 705 4274 ὁ
732 4205 950 4296 ἀναγεννήσας
977 4203 1058 4284 ήμᾶς
1087 4198 1237 4295 ἐκτρέφει
1262 4204 1311 4289 τῷ
1336 4194 1403 4285 iiia
1424 4193 1487 4287 γό-

438 4334 548 4408 λακτι,
575 4330 621 4414 τῷ
648 4321 753 4414 λόγῳ.
779 4318 985 4416 Ραᾶαρορο,
1003 4318 1063 4388 lib.
1082 4318 1104 4387 i.
1123 4338 1199 4408 cap.
1218 4314 1252 4386 6.
1271 4338 1306 4407 p.
1327 4319 1411 4391 127.
1430 4313 1486 4383 ed.

441 4439 593 4511 Potteri.
1078 4446 1080 4448 ’

490 4552 566 4623 Κᾶν
592 4551 652 4624 τόν
672 4551 798 4648 ποδήρη
825 4580 876 4625 τις
903 4546 1082 4643 παραφέρῃ
1108 4541 1167 4614 τόν
1190 4542 1359 4638 Κυρίου,ὁ
1382 4570 1487 4611 ποικι-
