3817 5692
750 705 1059 771 DISPUTATIO.
1363 712 1428 774 1θό

378 885 547 969 tanquam
566 878 611 949 ab
628 878 700 961 illo,
715 880 775 971 qui
793 880 1003 974 signaverat,
1015 882 1142 964 misso3
1161 877 1244 972 '¹qui
1262 903 1344 951 cum
1361 904 1429 953 neo

378 992 494 1063 claves
507 995 721 1077 ostenderet,
735 1017 851 1086 neque
867 995 1127 1088 signaculorum
1141 996 1248 1065 lidem
1262 996 1427 1079 deferret,

378 1110 620 1200 (nequeenim
639 1109 793 1180 habebat
804 1112 879 1204 jus)
893 1134 914 1181 a
931 1112 1137 1182 custodibus
1156 1113 1290 1203 ejectus
1307 1120 1372 1192 est,
1390 1120 1429 1182 et

378 1221 541 1316 fugatus3
568 1225 624 1294 fur
640 1226 736 1295 enim
754 1226 880 1317 potius,
899 1235 937 1296 ct
955 1226 1045 1296 latro
1068 1227 1114 1296 ab
1136 1228 1187 1297 eis
1211 1248 1287 1296 esse
1305 1227 1429 1319 depre

378 1338 554 1420 henditur,
586 1342 778 1423 convictus,
807 1350 846 1411 et
872 1337 1108 1436 kconfugatus
1136 1340 1244 1413 otidm
1275 1366 1321 1413 ex
1349 1342 1428 1426 hoc,

378 1455 473 1545 quod
497 1464 578 1546 post
600 1456 755 1526 multum
773 1465 923 1547 tempus,
941 1480 1049 1549 quam
1073 1459 1283 1548 promissum
1300 1459 1428 1542 fuerat,

378 1572 499 1642 adesse
525 1573 712 1656 desideret,
732 1596 849 1665 neque
874 1572 1001 1656 claves,
1019 1597 1134 1665 nequo
1159 1574 1348 1667 signacula,
1366 1598 1430 1645 ne·

378 1710 447 1780 que
464 1687 576 1758 ullum
596 1689 738 1758 omnino
756 1689 961 1760 custodibus
977 1689 1147 1759 indicium
1166 1690 1336 1772 deferens,
1354 1714 1425 1761 non

377 1804 616 1893 quantitatem
642 1804 811 1874 immenti
837 1806 1010 1874 reconditi
1038 1805 1172 1886 sciens3
1202 1827 1279 1895 quae
1309 1806 1428 1875 omnia

377 1918 565 1988 manifesta
589 1918 718 1988 indicia
743 1927 835 1999 sunt,
853 1940 1075 2010 nequaquam
1095 1941 1178 1988 eunr
1200 1918 1246 1989 ab
1268 1918 1331 1988 illo
1350 1941 1427 1990 esse

376 2033 632 2116 transmissum,
651 2030 702 2104 ¹et
719 2034 809 2111 ideo,
827 2044 869 2104 ut
888 2043 1148 2126 consequenter
1167 2044 1253 2115 erat,
1272 2057 1294 2104 a
1310 2044 1428 2105 eusto-

377 2149 481 2219 dibus
497 2159 696 2220 reservatus
711 2158 776 2221 est.

425 2263 596 2336 XXVII.
623 2263 736 2335 Aliud
762 2266 882 2348 etiam,
905 2266 932 2336 si
956 2267 1105 2346 videtur,
1131 2266 1281 2335 dicimus
1306 2286 1426 2337 exem-

376 2379 487 2473 plum.
538 2379 660 2450 Homo
677 2381 821 2472 quidam
838 2381 1090 2472 paterfamilias
1107 2382 1205 2451 dives
1222 2380 1428 2472 plurimum,

376 2498 422 2566 ad
439 2505 581 2590 tempus
597 2520 743 2591 peregre
760 2497 957 2579 abluturus,
976 2497 1057 2568 filiis
1076 2498 1148 2568 suis
1165 2496 1344 2589 pollicitus
1361 2506 1427 2581 est,

328 2648 332 2653 ·
376 2614 563 2684 missurum
583 2636 620 2683 se
637 2635 714 2683 esse
730 2614 895 2704 aliquem,
915 2613 976 2704 qui
994 2636 1057 2703 pro
1075 2635 1113 2683 se
1130 2613 1358 2683 distribueret
1376 2614 1428 2683 eis

377 2750 423 2798 ox
448 2751 547 2820 aequo
575 2728 821 2800 substantiam.
874 2728 921 2798 Et
948 2729 1090 2820 quidem
1113 2751 1185 2798 non
1209 2725 1324 2797 multo
1346 2736 1428 2820 post

376 2843 474 2913 misit
498 2851 617 2912 tutum
641 2843 756 2913 virum
777 2845 965 2935 quendam,
982 2846 1133 2935 justum,
1153 2854 1192 2914 et
1214 2866 1347 2923 verum,
1365 2845 1426 2934 qui

377 2981 459 3028 curn
489 2960 651 3039 venisset,
683 2969 847 3052 suscepta
880 2961 1043 3030 universa
1072 2960 1279 3044 substantia,
1311 2962 1426 3053 primo

376 3075 534 3144 omnium
563 3074 738 3144 instruere
766 3096 844 3143 eam
875 3097 916 3144 ac
946 3097 1069 3169 regere
1100 3076 1246 3159 studuit,
1265 3075 1427 3146 laborans

375 3189 566 3282 plurimum
601 3190 638 3259 in
667 3189 862 3270 itineribus,
891 3191 1047 3261 msedens
1080 3192 1156 3284 ipso
1190 3213 1252 3283 per
1286 3213 1324 3261 se
1354 3192 1426 3262 suis

375 3306 538 3377 manibus
555 3327 643 3398 opus
660 3305 801 3387 faciens,
819 3314 857 3375 et
873 3306 1086 3377 ministrans.
1135 3305 1299 3376 nDeinde
1320 3308 1427 3377 mori-

375 3430 476 3491 turus
492 3426 748 3491 testamentum
770 3420 902 3502 scribit,
920 3422 1124 3515 propinquis
1150 3424 1221 3493 suis
1247 3432 1284 3492 et
1308 3424 1427 3514 proxi-

374 3535 443 3606 mis
459 3533 624 3603 omnibus
646 3532 889 3605 haereditatem
901 3535 1172 3627 derelinquens,
1190 3544 1228 3605 et
1245 3534 1426 3628 signacula

416 3696 474 3755 1Ιιι
494 3697 643 3756 Cssinensi
659 3698 831 3781 Quicumque.
876 3697 934 3762 Sed
959 3716 1059 3755 sensus
1084 3698 1228 3773 postulare
1250 3698 1376 3768 videtur,
1393 3705 1427 3761 ut

375 3799 422 3877 qui
436 3816 494 3854 ram
508 3815 555 3853 nec
568 3797 687 3870 legatur.

415 3889 432 3934 Ι
447 3893 542 3959 Forte,
558 3892 724 3968 corifututus.

415 3987 424 4031 ¹
439 3989 473 4046 lu
488 3989 586 4052 codice
600 3989 749 4047 casinensi
763 3989 878 4065 legitur,
893 3997 919 4045 et
933 3990 993 4046 ideo
1007 3996 1205 4065 cousequenter.
1248 3986 1326 4059 (For.
1341 3984 1424 4065 repri-

374 4086 499 4144 nendum
515 4093 568 4150 est,
584 4093 611 4141 et
624 4086 683 4142 ideo
697 4094 889 4161 cousequenter
902 4085 1049 4144 thesaurus
1064 4104 1081 4141 a
1094 4084 1250 4142 crutodilms
1264 4103 1288 4141 r.
1305 4086 1344 4156 e.)

414 4192 438 4223 ¹¹¹
453 4182 548 4247 Forte,
562 4184 611 4238 sed
630 4191 657 4239 et
677 4183 735 4257 ipse
752 4202 805 4258 per
817 4202 855 4240 se.
899 4183 1049 4254 (Maxime
1064 4183 1182 4240 Paulum
1206 4182 1253 4238 bic
1270 4181 1425 4257 significari

373 4280 468 4337 firmat
481 4298 544 4354 cap.
559 4280 622 4352 34.)

415 4388 431 4420 ¹¹
454 4376 490 4432 ln
515 4376 612 4433 codice
637 4376 795 4443 Catinensi,
814 4376 922 4432 Deinde
947 4375 991 4431 dic
1014 4376 1171 4439 moriturae,
1193 4392 1247 4430 nos
1269 4373 1423 4431 secundom

373 4491 481 4538 vocem,
496 4490 531 4529 ax
545 4472 731 4547 praecedentis
745 4472 825 4529 verbi
845 4481 997 4547 postrema
1019 4472 1133 4548 syllabae
1154 4470 1323 4544 repetitione
1336 4469 1424 4525 veluti

373 4572 519 4638 insertam,
539 4570 713 4628 sustulimus.
755 4570 811 4627 Vel
834 4569 957 4629 fortasse
979 4570 1143 4646 legendum,
1166 4567 1273 4625 Deinde
1296 4567 1348 4633 tte,
1370 4584 1424 4644 qua

373 4667 522 4726 moriturus
535 4676 604 4734 erut,
620 4675 813 4726 testamcutum.

416 4767 485 4811 vor..
499 4768 529 4810 ν.
884 4768 902 4806 1³
