3817 5692
805 709 1108 773 ARCHELAUS.
1441 712 1481 772 15

430 879 604 944 lactabant.
650 877 813 942 Incassum
835 899 959 964 quoque
984 878 1223 962 imperatorum,
1250 879 1326 941 dnm
1357 879 1481 963 publice

430 1002 502 1045 cum
531 979 778 1064 protectoribus,
809 979 916 1062 signis,
948 979 1148 1055 draconibus,
1179 979 1306 1056 labaris,
1337 981 1479 1056 ducibus,

431 1081 635 1167 principibus,
666 1089 700 1145 et
728 1080 885 1166 praesectis
914 1081 1026 1144 urbem
1057 1081 1196 1168 aliquam
1229 1082 1479 1167 ingrederentur,

430 1190 543 1247 exacte
563 1182 716 1247 describit
731 1205 800 1267 cap,
816 1182 933 1246 xxxvii.
982 1183 1128 1267 Denique
1145 1184 1185 1246 de
1208 1183 1373 1265 multiplici
1394 1183 1478 1268 sigil-

430 1284 532 1349 lorum
552 1292 586 1349 et
605 1283 740 1348 clavium
760 1306 818 1348 usu
838 1285 925 1368 apud
944 1293 1067 1349 veteres
1089 1307 1152 1348 non
1172 1308 1274 1371 pauca
1294 1286 1395 1350 tradit
1410 1308 1479 1369 cap.

430 1385 493 1450 xiv.
510 1393 543 1450 et
563 1386 648 1449 xxvi.
671 1386 786 1470 quibus
807 1386 922 1450 similia
943 1408 1074 1471 prorsus
1095 1386 1128 1449 in
1152 1387 1362 1451 Ethnioorum
1382 1388 1480 1472 scrip·

429 1494 537 1551 torum
563 1487 777 1551 monumentis
801 1496 981 1565 occurrunt,
1005 1495 1042 1552 ut
1067 1488 1099 1551 in
1123 1489 1306 1553 nostrised
1331 1511 1369 1553 ea
1395 1490 1480 1554 notis

430 1589 636 1654 ostendimus.
682 1589 733 1653 Ex
757 1589 871 1674 quibus
894 1590 1040 1654 omnibus
1065 1589 1144 1653 satis
1167 1612 1322 1674 superque
1349 1591 1478 1654 demon·

430 1697 555 1755 stratur
570 1692 658 1755 Aeta
678 1691 740 1755 ista
758 1690 896 1776 genuina
910 1699 944 1755 et
961 1690 1183 1776 antiquissima
1201 1712 1279 1766 esse,
1296 1713 1352 1755 nec
1370 1714 1479 1755 eorum

429 1790 525 1856 fidem
540 1792 606 1858 ulla
620 1816 659 1857 ex
674 1802 767 1879 parte
782 1808 905 1857 nutare.

474 1894 557 1958 Illud
574 1903 682 1958 tamen
697 1894 896 1958 dissimulare
915 1914 979 1957 non
998 1915 1137 1977 possum,
1155 1895 1242 1957 Acta
1257 1893 1320 1958 ista
1335 1895 1477 1979 disputa-

430 1993 528 2059 tionis
548 1995 698 2059 Archelai
716 2017 788 2059 oum
811 1994 954 2071 Manete,
971 2015 1042 2078 quae
1062 2016 1101 2057 ex
1119 1994 1278 2059 Vaticano
1299 1995 1479 2061 Oasineneis

430 2096 547 2160 codicis
561 2098 744 2181 apographo
759 2096 852 2180 primi
867 2096 998 2172 edimus,
1015 2096 1140 2181 integra
1155 2119 1355 2182 nequaquam
1368 2099 1477 2176 videri,

430 2198 486 2261 sed
504 2197 647 2283 pluribus
665 2198 697 2260 in
713 2197 789 2261 locis
807 2220 828 2261 a
844 2198 943 2261 veteri
963 2198 1093 2262 librario
1111 2199 1269 2263 mutilata.
1315 2200 1478 2284 Siquidem

430 2297 564 2383 (lyrillus
588 2299 897 2384 Hierosolymitanns
919 2300 952 2363 in
974 2299 1138 2364 Catechesi
1160 2301 1199 2365 vi.
1215 2323 1287 2387 pag.
1310 2303 1386 2365 mihi
1408 2324 1477 2385 147,

429 2402 577 2485 quaedam
597 2402 741 2467 Maeotis
759 2410 948 2487 argumenta
966 2424 1038 2466 oum
1054 2402 1204 2466 Archelai
1222 2404 1478 2489 responsionibus

429 2503 557 2582 recitat,
573 2527 644 2589 quae
668 2505 698 2568 in
722 2513 832 2568 nostra
854 2503 994 2568 editione
1015 2526 1077 2568 non
1097 2506 1318 2590 reperiuntur;
1343 2530 1401 2571 neo
1416 2507 1477 2571 dici

429 2626 523 2690 posse
552 2605 686 2683 videtur,
714 2606 865 2691 (lyrillum
893 2605 1039 2670 Archelai
1067 2607 1223 2670 dictorum
1250 2630 1388 2683 sensum,
1415 2631 1477 2672 non

430 2727 504 2770 cero
517 2706 653 2791 ipsamet
667 2708 818 2772 Archelai
834 2709 933 2773 verba
947 2709 1103 2783 laudasse,
1117 2728 1187 2770 cum
1203 2708 1303 2771 simile
1316 2709 1477 2793 quidpiam

429 2807 463 2871 in
486 2808 571 2872 nullo
592 2817 710 2874 nostrae
733 2810 880 2874 editionis
902 2811 972 2875 loco
993 2810 1129 2895 legatur,
1144 2831 1182 2873 ao
1205 2816 1360 2893 praeterea
1382 2812 1478 2876 verba

430 2909 493 2985 illa,
510 2932 580 2993 quae
601 2911 736 2996 (tyrillus
758 2913 865 2986 refert,
885 2912 931 2976 ita
954 2918 1107 2997 concepta
1129 2911 1194 2975 sint
1216 2918 1253 2975 ut
1276 2911 1317 2974 ab
1342 2911 1478 2995 ipsomet

429 3012 591 3077 Archelao
605 3013 732 3098 prolata
746 3015 842 3078 luisse
857 3016 1035 3080 videantur.
1067 3015 1130 3079 Sed
1146 3021 1179 3078 et
1194 3015 1385 3097 conjecturae
1400 3037 1476 3078 non-

429 3114 523 3178 nullae
538 3137 577 3178 ex
598 3123 708 3180 nostra
722 3119 895 3181 eorundem
910 3119 1068 3182 Actorum
1088 3118 1227 3182 editione
1247 3117 1310 3201 peti
1332 3129 1476 3202 possunt,

429 3216 544 3299 quibus
567 3217 704 3303 idipsum
726 3219 859 3284 ulterius
879 3221 1095 3285 confirmatur.
1141 3220 1223 3283 Nam
1250 3219 1281 3282 in
1305 3222 1476 3284 eorundem

429 3338 497 3402 oap.
509 3319 562 3383 xii.
577 3320 644 3384 haec
659 3321 826 3398 habentur,
841 3321 990 3385 Archelao
1005 3332 1103 3385 autem
1117 3330 1184 3384 erat
1198 3343 1273 3384 curo
1281 3343 1343 3405 pro
1351 3322 1474 3406 populo,

429 3428 574 3504 tuaquom
583 3424 705 3507 pastui
717 3445 778 3508 pro
798 3422 910 3501 οοὶὂνιε,
926 3446 994 3487 curu
1009 3424 1149 3509 luporum
1162 3432 1323 3508 pareat-ur
1342 3425 1474 3488 insidis.

429 3520 535 3605 [pitter
556 3525 724 3589 Marcellus
751 3524 915 3589 Turbonem
937 3525 1108 3590 mussulae
1123 3525 1272 3609 plurimis
1293 3524 1426 3609 replevit,
1449 3537 1476 3589 st

428 3622 463 3685 in
486 3626 630 3690 Archelai
651 3628 770 3691 ἅοννενιον
791 3629 919 3692 residere
937 3628 1097 3713 precepit.
1143 3628 1261 3690 Eadem
1288 3638 1388 3690 aulem
1407 3629 1476 3712 ν’ρεο
1509 3683 1513 3690 .

429 3724 480 3789 die
490 3728 664 3793 edomavit
674 3731 794 3807 Μανεεε,
807 3739 841 3794 et
856 3752 926 3815 quae
941 3736 1127 3814 sequnntur.
1160 3727 1206 3792 At
1221 3749 1295 3790 vero
1311 3727 1354 3790 nil
1372 3728 1404 3790 in
1419 3752 1474 3792 an·

430 3830 647 3895 tecedentibus
673 3840 831 3908 narratur,
857 3833 941 3916 quod
966 3854 1014 3907 ea,
1037 3852 1100 3915 qua
1123 3829 1238 3893 Manes
1260 3830 1400 3906 advenit,
1424 3833 1475 3898 die

429 3930 549 3993 laetum
571 3932 676 3996 luerit.
722 3935 884 3996 Praeterea
906 3933 937 3996 in
961 3955 1030 4017 cap.
1047 3953 1118 3995 xxv.
1139 3930 1233 4013 hujus
1251 3929 1475 4014 disputationis

431 4032 608 4098 Archelaus
633 4034 690 4110 ait,
714 4037 824 4098 Νενενιε
848 4036 960 4100 Dauid
981 4057 1016 4098 εε
1041 4056 1091 4098 ονε
1116 4033 1209 4097 leonis
1232 4032 1279 4095 vel
1302 4033 1368 4095 ursi
1394 4034 1475 4097 uuit

429 4139 536 4199 ovea?
558 4137 626 4200 Hoc
639 4137 769 4201 dicimus
780 4147 905 4222 propter
919 4159 968 4201 ονε
982 4137 1080 4212 leonis,
1096 4135 1178 4220 quod
1189 4136 1244 4211 uit,
1257 4134 1294 4197 de
1308 4156 1358 4198 ονε
1373 4134 1472 4209 husie,

429 4248 484 4302 aut
497 4239 534 4302 de
548 4248 647 4302 ventre
661 4241 723 4322 qus
733 4249 830 4322 potest
844 4240 974 4312 educere,
991 4239 1148 4323 quodjam
1163 4237 1216 4300 ille
1230 4237 1393 4300 decorauit.
1425 4239 1474 4300 At

429 4361 503 4404 vero
518 4341 551 4404 in
565 4342 826 4405 antecedentibus
841 4364 903 4406 non
924 4342 1056 4427 legimns
1071 4340 1137 4403 haee
1151 4360 1290 4424 unquam
1305 4362 1325 4402 a
1343 4339 1474 4402 Meneta

429 4442 516 4507 dicta
529 4443 635 4507 luisse.
667 4444 750 4525 Quin
764 4451 797 4508 et
812 4443 844 4506 in
859 4466 928 4529 cap.
940 4443 1068 4507 xxxviii.
1080 4442 1176 4507 verba
1187 4441 1251 4518 illa,
1269 4442 1343 4518 Qec
1353 4438 1474 4523 quidem

427 4565 478 4628 syo
499 4565 559 4608 noa
579 4568 615 4609 es
636 4546 709 4609 mess
730 4544 825 4609 verbis
846 4556 958 4621 astruo,
974 4553 1008 4609 et
1029 4567 1100 4629 quae
1120 4551 1296 4627 sequuntur
1314 4561 1412 4624 usqne
1432 4540 1474 4603 ad

428 4646 523 4710 finem
538 4648 661 4733 capitis,
679 4648 796 4712 nnllam
811 4670 882 4711 cum
903 4647 1157 4734 praecedentibus
1171 4642 1398 4709 connexionem
1419 4641 1473 4705 ha·
