3817 5692
580 724 645 790 278
948 723 980 784 S.
997 722 1248 785 AUGUSTIN
1253 721 1269 784 1

578 898 745 993 siritflcri
757 895 798 967 dc
815 894 1026 967 advesariis
1043 895 1204 976 amiciet
1220 894 1262 965 de
1278 892 1493 966 antichristis
1507 893 1638 969 Chris·

581 1016 680 1087 tioni.

631 1130 726 1214 Quid
740 1129 835 1200 aliud
851 1128 909 1198 hic
926 1128 1179 1220 disputandum
1197 1135 1261 1209 est,
1276 1127 1416 1218 quando
1433 1127 1559 1218 ipsam,
1571 1150 1637 1197 cu·

575 1247 635 1337 jus
652 1246 870 1315 mentionem
889 1244 985 1323 fecit,
1000 1242 1185 1335 epistolam
1203 1242 1247 1311 ad
1265 1241 1289 1310 J
1291 1243 1479 1313 ubaiauum
1499 1242 1635 1324 datam,

582 1370 714 1452 quauta
731 1362 910 1452 potuimus
928 1359 1114 1453 diligentia
1130 1357 1446 1450 pertractavimus?
1472 1356 1522 1427 Et
1535 1358 1635 1449 quod

581 1473 639 1544 hic
666 1474 767 1555 dixit,
788 1474 1053 1543 meminerimus
1080 1473 1149 1542 dici
1177 1495 1280 1565 posse
1306 1473 1351 1542 de
1376 1472 1540 1543 omnibus
1566 1475 1637 1544 ini·

582 1590 670 1681 quis,
689 1612 776 1680 quos
793 1597 831 1659 et
848 1589 885 1657 in
903 1586 1088 1658 Catholica
1104 1610 1182 1659 csse
1199 1589 1274 1680 ipse
1292 1596 1464 1670 testatur3
1490 1596 1529 1657 et
1546 1587 1638 1680 bap-

582 1706 728 1774 tismum
745 1704 888 1785 habere,
906 1711 944 1772 et
962 1703 1055 1784 dare,
1072 1725 1178 1772 nemo
1195 1713 1354 1772 nostrum
1372 1702 1532 1795 ambigit.
1572 1702 1638 1772 Illi

581 1820 677 1889 euim
695 1820 842 1889 veniunt
865 1819 908 1889 ad
931 1818 1142 1900 Ecclesiam,
1159 1819 1219 1910 qui
1241 1819 1287 1888 de
1309 1826 1409 1909 parte
1433 1816 1563 1888 diaboli
1586 1819 1636 1889 ad

582 1933 762 2004 Christum
790 1943 985 2017 transeunt,
1011 1943 1050 2004 et
1079 1934 1253 2003 aedificant
1283 1956 1389 2024 super
1417 1941 1566 2025 petram,
1595 1941 1638 2003 et

581 2052 849 2142 incorporantur
864 2049 1049 2132 columba,
1064 2058 1101 2119 et
1118 2051 1155 2118 iu
1172 2049 1276 2118 horto
1294 2048 1458 2118 concluso
1476 2057 1513 2119 et
1531 2049 1637 2119 fonte

581 2166 719 2257 signato
736 2168 966 2248 muniuntur3
992 2166 1054 2235 ubi
1077 2188 1149 2234 non
1172 2173 1255 2234 sunt
1278 2186 1410 2247 omues,
1428 2165 1488 2255 qui
1507 2174 1639 2234 contra

581 2279 714 2351 Christi
753 2293 933 2375 praecepta
966 2284 1099 2365 vivunt,
1134 2281 1286 2351 ubilibet
1322 2304 1399 2351 esse
1432 2281 1577 2351 videant
1562 2289 1637 2351 tur.

417 2406 549 2535 6901669
583 2394 720 2466 Nam
711 2418 747 2465 ιιι
777 2398 937 2489 epistola,
963 2421 1069 2489 quam
1100 2398 1239 2489 scripsit
1268 2397 1312 2466 ad
1337 2395 1522 2490 Magnum,
1548 2419 1638 2466 cum

422 2474 433 2535 [
522 2472 627 2582 ]de
643 2512 737 2582 hac
728 2536 803 2605 rpsa
823 2538 861 2585 re
878 2523 1009 2610 ageret,
1028 2514 1112 2584 satis
1133 2513 1362 2605 aperteque
1352 2535 1427 2603 1pse
1447 2535 1511 2581 nos
1534 2535 1639 2582 com·

580 2631 757 2710 monuit,
748 2654 784 2699 m
802 2630 919 2722 ¹quali
946 2632 1116 2700 societate
1141 2638 1304 2721 oporteat
1329 2627 1480 2720 intelligi
1505 2627 1638 2699 Eccle-

581 2748 680 2817 siam.
733 2747 797 2817 Ait
822 2750 917 2817 enim
944 2747 990 2816 de
1012 2747 1164 2839 quodam
1183 2743 1391 2837 loqueus‚A
1396 2742 1584 2838 lienusfict
1603 2755 1639 2817 ct

574 2861 750 2958 profanus
766 2862 966 2934 Dominicoe
977 2863 1087 2955 pacis,
1105 2885 1146 2931 oc
1161 2859 1383 2931 JDominicoe
1399 2861 1543 2931 unitatis
1560 2863 1638 2933 ini-

581 2980 700 3062 micas,
719 3002 787 3049 nou
813 2976 972 3049 habitune
998 2978 1035 3046 in
1062 2974 1162 3047 domo
1179 2974 1260 3058 Dei,
1278 2976 1318 3045 id
1338 2984 1396 3059 est,
1416 2976 1453 3045 in
1470 2974 1637 3049 Ecclesia

583 3091 729 3176 Christi,
757 3095 794 3163 in
822 3117 890 3186 quo
917 3116 986 3162 non
1016 3093 1088 3161 nisi
1114 3089 1295 3162 concordes
1324 3100 1425 3185 atquc
1451 3093 1637 3164 rinnnimes

465 3265 469 3277 .
581 3207 745 3280 habitant.
796 3208 902 3291 Quod
926 3231 1010 3301 ergo
1036 3207 1095 3276 hic
1120 3208 1280 3289 dicimus,
1298 3205 1482 3298 paululum
1508 3207 1638 3278 adver-

582 3334 671 3410 tant,
688 3326 749 3417 qui
772 3324 874 3394 uobis
896 3324 942 3393 de
960 3323 1136 3415 Cypriano
1158 3321 1282 3391 volunt
1304 3321 1538 3412 prescribere.
1592 3323 1635 3394 Si

582 3441 677 3509 euim
705 3440 741 3507 iu
770 3437 928 3508 Ecclesia
954 3435 1086 3507 Christi
1113 3460 1184 3506 non
1211 3438 1278 3506 nisi
1303 3437 1493 3507 concordes
1521 3447 1637 3529 atque

581 3556 764 3625 unanimes
789 3554 961 3634 habitant,
980 3552 1102 3644 procul
1129 3552 1237 3621 dubio
1263 3574 1333 3620 ιιοιι
1359 3551 1568 3623 habitabant
1596 3554 1636 3623 in

459 3690 483 3704 ··
502 3690 537 3740 ..ι
582 3670 744 3740 Ecclesia
759 3670 904 3753 Christi,
929 3669 1090 3759 quamvis
1115 3671 1212 3738 intus
1238 3691 1314 3738 esse
1341 3668 1551 3749 viderentur,
1578 3668 1636 3738 illi

582 3788 642 3880 qui
660 3810 723 3879 per
739 3786 907 3855 iuvidiam
925 3791 963 3854 et
981 3786 1246 3855 contentionem
1263 3786 1338 3854 siue
1351 3785 1498 3854 caritate
1511 3782 1637 3855 Chris-

581 3912 659 3971 tum
682 3902 960 3983 aunuutiabant3
987 3922 1074 3992 quos
1100 3902 1175 3991 ipse
1200 3898 1380 3993 intelligit,
1399 3922 1470 3967 non
1492 3897 1637 3969 haereti-

580 4041 639 4088 cos
653 4018 710 4088 vel
727 4017 969 4088 schismaticos
986 4014 1133 4086 aPaulo
1150 4014 1309 4106 apostolo
1323 4021 1636 4094 commemoratos,

467 4152 472 4156 “
580 4134 641 4204 sed
660 4131 765 4203 falsos
783 4133 909 4202 fratres
927 4155 1009 4200 cum
1027 4130 1088 4201 illo
1110 4132 1258 4200 interius
1275 4137 1541 4200 conversantes:
1568 4132 1636 4220 qui

580 4258 676 4319 certe
703 4248 880 4339 baptizare
906 4270 976 4315 uon
1003 4246 1191 4327 debebant,
1210 4247 1292 4337 quia
1313 4248 1348 4314 iu
1372 4243 1531 4314 Ecclesia
1558 4266 1635 4315 uon

619 4479 634 4509 ¹
651 4469 694 4524 lta
708 4468 822 4544 optimae
843 4474 918 4522 uotae
941 4466 1032 4522 codex
1048 4466 1237 4522 Corbeieusis.
1281 4467 1319 4521 At
1344 4464 1421 4527 editi,
1445 4463 1472 4519 ia
1497 4462 1635 4536 qualiter.

580 4564 641 4632 (Sic
656 4566 728 4621 male
743 4565 841 4640 scripti
856 4564 935 4634 mei.)

619 4670 633 4713 t
648 4661 731 4734 Apud
746 4661 930 4735 Cyprieuum,
946 4679 981 4716 nc
994 4661 1091 4716 diviaae
1104 4660 1227 4716 unitatis.
