3817 5692
535 641 540 649 ⁴
644 690 887 753 RESPONSA
912 691 978 752 AD
1002 688 1265 753 EPISCOPOS.
1409 688 1474 749 233

428 862 489 932 sed
516 860 637 932 abeis
664 864 780 954 potius
806 871 1018 933 evacuatur:
1044 863 1135 931 sicut
1164 862 1201 930 in
1231 863 1306 951 ipso
1332 853 1475 929 homine

429 978 529 1047 bonae
554 979 626 1068 spei
652 986 688 1048 et
714 976 905 1072 probabilis
927 976 1022 1057 fidei,
1040 976 1101 1046 sed
1128 986 1248 1046 tamen
1273 975 1426 1055 bomine,
1444 973 1473 1043 si

428 1092 512 1183 quid
542 1091 646 1161 aliter
675 1092 776 1183 sapit,
807 1114 876 1160 non
908 1092 991 1161 inde
1021 1099 1237 1161 evacuantur
1265 1114 1346 1182 quae
1376 1097 1618 1173 rectermpm.

428 1210 529 1300 sapit,
547 1209 659 1278 donec
676 1210 709 1277 ei
728 1205 827 1277 Deus
844 1206 979 1277 revelet
996 1217 1034 1276 et
1051 1209 1145 1297 quod
1161 1206 1265 1276 aliter
1281 1205 1382 1297 sapit.
1434 1204 1474 1275 Si
1486 1186 1522 1237 '⁵'

427 1331 547 1393 autem
566 1324 640 1415 ipse
662 1321 776 1393 malus
799 1333 854 1392 est
876 1332 984 1413 atque
1007 1345 1198 1414 perversus,
1217 1323 1245 1391 si
1263 1344 1405 1414 procem
1423 1324 1475 1390 in·

428 1448 564 1530 tegram
583 1437 687 1518 dicat,
706 1445 743 1507 et
761 1436 859 1506 nulla
875 1460 921 1505 ex
939 1448 1039 1528 parte
1056 1437 1138 1507 fidei
1156 1435 1337 1506 catholiea
1353 1436 1475 1506 adver-

428 1577 512 1636 sam,
532 1575 601 1621 non
626 1551 706 1621 ideo
730 1553 804 1643 ipse
826 1562 945 1621 rectus
965 1561 1029 1634 est,
1048 1554 1130 1643 quia
1147 1551 1207 1621 illa
1224 1560 1411 1623 recteest:
1437 1560 1474 1622 et

428 1669 456 1735 si
481 1668 517 1734 in
538 1665 715 1757 aliquibus
734 1688 931 1757 perversam
949 1688 1090 1757 precem
1108 1665 1240 1745 afferat,
1258 1667 1357 1735 Deus
1375 1667 1475 1736 adest

428 1780 654 1875 Evangelicis
669 1782 785 1852 verbis
802 1782 883 1862 suis,
897 1782 973 1851 sine
991 1782 1118 1873 quibus
1135 1781 1330 1873 baptismus
1342 1781 1474 1851 Christi

427 1900 623 1969 consecrari
649 1921 719 1968 non
745 1906 883 1990 potest;
914 1909 952 1967 et
970 1899 1044 1990 ipse
1065 1897 1260 1969 sanctificat
1277 1919 1473 1968 sacramen-

428 2023 505 2083 tum
524 2036 637 2096 suum,
650 2023 691 2084 ut
708 2014 842 2084 homini
860 2014 934 2083 sive
951 2024 1035 2083 ante
1052 2036 1158 2106 quam
1175 2014 1385 2105 baptizetur,
1402 2014 1475 2083 sive

427 2154 508 2201 cum
528 2132 737 2224 baptizatur,
754 2130 828 2200 sive
849 2141 974 2222 postea
996 2130 1207 2222 quandoque
1223 2130 1268 2199 ad
1290 2152 1327 2200 se
1345 2129 1476 2199 veraci-

428 2256 483 2316 ter
512 2270 691 2328 converso,
719 2247 873 2337 idipsum
897 2246 1014 2317 valeat
1044 2246 1088 2316 ad
1119 2244 1279 2328 salutem,
1306 2246 1399 2337 quod
1430 2247 1474 2316 ad

428 2362 620 2452 perniciem
643 2362 709 2431 nisi
731 2370 998 2432 converteretur
1014 2361 1158 2432 valeret.
1210 2360 1379 2431 Cetemm
1396 2361 1475 2453 quis

428 2476 561 2545 nesciat
588 2499 659 2544 non
684 2498 760 2545 esse
785 2477 1002 2569 baptismum
1025 2475 1166 2558 Christi,
1188 2478 1217 2546 si
1234 2476 1341 2546 verba
1359 2473 1476 2547 Evan-

427 2591 541 2684 gelica
558 2592 685 2683 quibus
703 2590 912 2683 Symbolum
930 2600 1069 2661 constat
1086 2590 1159 2661 illic
1176 2590 1376 2661 defuerint?
1403 2590 1475 2661 Sed

429 2706 564 2776 facilius
590 2707 818 2776 inveniuntur
843 2705 998 2775 baeretici
1021 2707 1082 2797 qui
1106 2706 1250 2775 omniuo
1274 2729 1345 2775 non
1363 2707 1477 2798 bapti-

428 2832 521 2904 zent,
539 2846 645 2914 quam
669 2824 820 2915 quinon
848 2821 917 2891 illis
935 2822 1050 2892 verbis
1075 2821 1266 2913 baptizent.
1319 2821 1476 2914 Ideoque

428 2938 577 3008 dicimus
595 2962 663 3007 uon
684 2959 825 3009 omnem
848 2938 1074 3029 baptismum,
1093 2942 1190 3030 (nam
1208 2938 1244 3005 in
1261 2936 1384 3007 multis
1400 2938 1476 3008 ido-

428 3053 541 3122 lorum
568 3053 745 3146 sacrilegis
775 3054 880 3123 sacris
908 3053 1077 3145 baptizari
1103 3053 1264 3123 homines
1289 3054 1477 3146 perhiben-

428 3171 512 3259 tur,)
536 3170 597 3239 sed
624 3169 838 3262 baptismum
861 3167 1005 3252 Christi,
1027 3170 1063 3239 id
1090 3177 1155 3254 est,
1179 3169 1293 3239 verbis
1315 3169 1476 3263 Evange-

428 3283 504 3353 licis
518 3294 771 3367 consecratum,
781 3285 914 3377 ubique
927 3286 1091 3355 eumdem
1107 3308 1195 3369 esse,
1208 3309 1273 3355 nec
1291 3286 1475 3356 hominum

428 3400 668 3492 quorumlibet
685 3412 722 3470 et
739 3400 897 3492 qualibet
915 3403 1144 3493 perversitate
1162 3400 1294 3471 violari.

478 3514 572 3586 Sane
607 3517 643 3584 in
679 3518 746 3586 ista
777 3538 917 3607 quoque
947 3516 1123 3586 sententia
1154 3540 1224 3585 non
1255 3516 1476 3609 negligenter

428 3632 665 3703 omittendum
692 3642 757 3715 est,
774 3632 869 3723 quod
895 3631 954 3702 hie
980 3633 1192 3724 interposuit
1217 3641 1255 3702 et
1280 3632 1340 3713 ait,
1360 3631 1476 3720 Quone

427 3744 582 3816 omnibns
596 3748 751 3841 pacificis
769 3747 904 3841 quidem
921 3746 1053 3819 viribus
1071 3747 1246 3818 nitendum
1265 3756 1322 3830 est,
1339 3771 1382 3818 ne
1398 3750 1476 3842 quis

426 3856 586 3930 heretico
611 3885 730 3931 errore
757 3860 912 3956 infectus,
934 3874 972 3931 et
997 3872 1124 3933 cetera.
1176 3864 1350 3955 Respexit
1379 3865 1475 3934 enim

427 3975 534 4044 verba
556 3975 616 4045 illa
638 3976 733 4046 beati
751 3976 917 4068 Cypriani
936 3976 1096 4059 dicentis,
1114 3975 1295 4048 Neminem
1310 3976 1476 4069 pedicon-

426 4097 483 4170 tes,
502 4099 562 4160 ont
578 4114 600 4159 o
612 4092 699 4183 jure
721 4092 971 4161 communionis
988 4091 1145 4186 aliquem,
1163 4094 1196 4162 si
1212 4092 1382 4164 diversum
1401 4117 1476 4163 sen·

426 4205 519 4287 serit,
537 4214 734 4276 amoventes.
787 4207 881 4278 Ecce
899 4217 1071 4299 quantum
1091 4208 1207 4280 valeat
1229 4210 1265 4279 in
1288 4210 1389 4279 bonis
1407 4210 1476 4280 Ec-

426 4320 540 4390 clesiae
564 4321 644 4392 filiis
670 4346 769 4393 amor
794 4324 940 4394 unitatis
963 4335 1001 4394 et
1023 4325 1129 4416 pacis,
1148 4335 1187 4395 ut
1205 4349 1292 4417 quos
1309 4324 1475 4395 dicebant

425 4436 611 4530 sacrilegos
637 4447 674 4508 et
701 4439 872 4531 profanos,
890 4440 967 4510 sine
989 4439 1165 4531 baptismo
1191 4448 1231 4509 ut
1257 4440 1474 4510 arbitraban-
1517 4497 1520 4501 Α

427 4560 485 4620 tur
501 4552 679 4636 admissos,
698 4556 725 4624 si
747 4578 808 4625 eos
830 4566 1003 4647 quantum
1020 4556 1194 4647 putabant
1212 4556 1385 4649 corrigere
1402 4579 1471 4625 non

468 4687 537 4727 vos.
552 4687 583 4727 v.
942 4688 964 4729 n
982 4668 1001 4729 h
