3817 5692
429 719 494 791 296
625 720 689 781 DE
714 715 1098 781 REBAP'PISMATE
1124 712 1283 777 LIBER.

429 894 530 965 datus
550 916 625 963 sum
652 914 838 962 sermonem
856 888 1006 961 Domini
1031 890 1120 959 sicut
1144 885 1296 959 dicebat:
1323 884 1486 956 Joauues

430 1008 565 1105 quidem
583 1006 770 1102 baptizarit
791 1029 891 1100 aqua,
909 1028 967 1077 uos
991 1013 1103 1075 autem
1125 1000 1388 1097 baptizabimini
1410 1000 1486 1095 spi-

429 1125 503 1196 ritu
520 1132 647 1194 cauato.
697 1121 742 1195 Si
760 1145 839 1219 erpo
857 1119 987 1216 equale
1011 1120 1138 1191 danum
1162 1118 1256 1190 dedit
1275 1119 1325 1190 eis
1344 1118 1434 1188 sieut
1452 1125 1486 1188 et

430 1238 527 1311 uobis
545 1236 756 1310 credentibus
773 1236 966 1309 Dominum
978 1235 1101 1307 desum
1120 1233 1310 1318 Christum,
1328 1256 1389 1330 epo
1406 1232 1487 1326 quie

431 1379 525 1426 eruut
556 1355 617 1449 qui
641 1376 777 1448 possem
801 1350 986 1447 probibere
1012 1350 1200 1424 Domino?
1251 1350 1300 1421 Et
1330 1352 1484 1420 iterum:

267 1477 422 1540 suurn.
441 1469 520 1541 Viri
538 1468 690 1564 fratres,
716 1469 812 1539 scitis
838 1470 921 1561 auia
948 1493 970 1539 o
1001 1467 1118 1539 diebus
1143 1468 1297 1562 antiquis
1322 1466 1361 1535 iu
1386 1461 1486 1534 uobis

431 1584 531 1657 Deus
556 1584 654 1682 elepit
673 1608 740 1679 per
757 1608 794 1655 os
820 1608 929 1655 meum
950 1583 1075 1656 audire
1095 1593 1211 1681 pentes
1227 1581 1362 1655 uerbum
1384 1603 1488 1651 evau-

428 1700 515 1799 pelii
540 1710 571 1772 et
596 1700 743 1784 medere,
761 1708 798 1771 et.
816 1700 877 1795 qui
900 1699 1006 1772 corda
1026 1700 1120 1771 uouit
1136 1697 1234 1770 Deus
1255 1696 1486 1769 testimouium

428 1815 606 1913 perbibuit
633 1816 720 1887 daus
745 1817 794 1886 eis
819 1814 995 1911 Spiritum
1022 1824 1177 1887 sanctum
1202 1816 1290 1886 sicut
1316 1821 1348 1884 et
1376 1810 1486 1883 uobis·

433 1934 492 2005 Ae
509 1942 696 2026 propterea
714 1932 817 2024 hujus
839 1933 1025 2003 sententie
1040 1955 1119 2024 quse
1140 1932 1256 2002 sitris
1273 1938 1312 2000 et
1328 1938 1487 2022 potestus

436 2048 655 2121 considerare
686 2048 867 2118 debemus.
917 2047 986 2119 Ait
1015 2050 1110 2118 euim
1137 2046 1314 2117 Dominus
1342 2046 1393 2116 eis
1424 2047 1487 2137 qui

436 2164 664 2257 postmodum
687 2163 858 2255 baptizari
884 2164 1057 2234 haberent
1082 2163 1165 2255 quia
1189 2162 1382 2242 crederent,
1399 2160 1488 2253 bap-

437 2279 597 2350 tizandos
622 2300 707 2360 esse,
734 2302 806 2348 non
831 2278 1131 2370 quemadmodum
1157 2301 1180 2348 u
1203 2299 1241 2349 se
1266 2277 1303 2346 in
1332 2298 1424 2368 uque
1449 2277 1488 2346 in

437 2394 695 2486 poenitentiam,
720 2395 782 2464 sed
809 2395 847 2464 in
873 2393 1009 2486 Spiritu
1038 2403 1172 2465 sancto.
1223 2393 1279 2463 De
1307 2414 1376 2484 qua
1400 2415 1489 2484 prae-

435 2511 613 2581 ditatione
644 2534 726 2581 cum
756 2514 883 2603 utique
912 2534 1019 2581 nemo
1048 2520 1208 2581 nostrum
1238 2510 1348 2602 possit
1374 2509 1490 2580 umbi-

435 2651 529 2724 gere,
546 2630 776 2700 menifestum
794 2639 849 2700 est
871 2653 941 2721 qua
963 2629 1100 2699 ratione
1117 2630 1278 2700 homines
1294 2630 1332 2698 in
1349 2627 1488 2720 Spiritu

437 2750 560 2813 saneto
589 2743 760 2835 baptizati
793 2745 886 2825 sint;
912 2766 995 2813 nem
1021 2752 1059 2814 et
1084 2745 1223 2836 proprie
1248 2744 1385 2833 inipso
1410 2741 1489 2812 solo

438 2868 559 2929 sancto
584 2858 721 2951 Spiritu
744 2860 913 2952 baptizati
941 2868 1026 2930 sunt
1049 2860 1109 2951 qui
1131 2860 1377 2942 crediderunt3
1403 2860 1490 2951 quie

438 2973 463 3043 J
465 2997 597 3045 oannes
616 2975 782 3045 discrevit
799 2984 836 3045 et
853 2977 956 3058 dixit,
970 2977 1100 3057 dicens,
1115 2975 1163 3046 Se
1180 2976 1323 3067 quidem
1341 2976 1377 3044 in
1395 2998 1490 3067 uque

438 3089 629 3181 baptizare,
661 3098 850 3160 venturum
880 3099 1002 3162 autem
1032 3091 1092 3183 qui
1126 3092 1163 3160 in
1193 3089 1328 3184 Spiritu
1363 3100 1489 3161 saneto

439 3201 606 3293 baptizet,
637 3201 779 3272 ¹Gretie
813 3211 850 3271 et
885 3203 1019 3272 virtute
1053 3202 1123 3273 Dei
1156 3212 1239 3273 sunt
1273 3211 1311 3271 et
1344 3202 1413 3271 hoe
1449 3210 1489 3272 et

440 3317 581 3388 occultu
611 3317 784 3410 largiente
806 3326 845 3388 et
870 3327 1050 3410 operante,
1080 3317 1192 3389 nihilo
1218 3319 1335 3387 minus
1364 3325 1488 3387 autem

439 3433 548 3503 etiem
581 3434 618 3502 in
651 3433 864 3525 baptismate
899 3433 1053 3525 Spiritus
1087 3442 1125 3504 et
1158 3457 1280 3525 aquae;
1319 3439 1490 3525 preterea

440 3549 549 3618 etiam
581 3549 618 3617 in
648 3549 861 3640 baptismate
892 3548 1046 3642 Spiritus
1075 3552 1113 3620 in
1143 3552 1312 3644 sanguine
1345 3550 1489 3642 proprio

482 3818 489 3841 ¹
511 3810 612 3869 Gretiu
626 3821 655 3870 et
669 3813 773 3870 virtute
788 3814 842 3871 Dei
856 3823 923 3871 sunt
937 3823 967 3872 et
980 3815 1048 3889 hoe]
1065 3815 1179 3890 Aliquid
1192 3815 1239 3872 hie
1253 3814 1351 3872 deesse
1364 3814 1488 3884 videtur,

441 3910 516 3985 quod
531 3910 637 3985 absque
658 3912 772 3968 alterius
794 3913 963 3987 exemplaris
984 3931 1038 3988 ope
1059 3914 1170 3971 restitui
1191 3921 1320 3986 nequeat.
1342 3911 1396 3968 nisi
1410 3911 1488 3969 dice-

440 4026 512 4071 mus,
527 4006 599 4063 istu:
627 4008 725 4063 Gratia
744 4018 771 4065 et
787 4011 888 4067 uirtute
901 4010 959 4067 Dei
975 4018 1047 4075 suut,
1062 4011 1186 4085 pendere
1207 4010 1242 4068 de
1263 4008 1491 4085 precedentibus

439 4104 512 4160 illis:
530 4106 645 4179 proprie
658 4106 686 4161 in
701 4107 760 4181 ipso
774 4106 832 4163 solo
845 4116 939 4164 sancto
955 4107 1063 4183 Spiritu
1078 4106 1210 4183 baptizati
1222 4115 1295 4171 eunt,
1309 4114 1341 4163 ut
1353 4104 1492 4162 contiuua

439 4200 560 4258 lectione
575 4200 615 4257 sie
633 4202 836 4275 perducamus:
861 4204 959 4259 Gratia
973 4212 1000 4260 et
1013 4205 1116 4260 uirtute
1129 4204 1185 4260 Dei
1202 4212 1275 4260 eunt.
1297 4221 1399 4277 nempe
1417 4201 1489 4275 bup-

439 4298 527 4355 tizeti.
550 4297 651 4355 deinde
666 4308 817 4373 sequatur:
840 4301 890 4358 boc
903 4310 930 4357 et
944 4302 1048 4358 occulta
1065 4301 1198 4376 larpieute
1210 4309 1237 4357 et
1251 4308 1387 4375 operante.
1430 4298 1489 4354 Ve-

439 4418 503 4456 rum
517 4399 578 4456 haec
592 4408 659 4457 sunt
672 4400 756 4457 nimis
775 4401 857 4458 anxie
870 4410 900 4459 et
913 4410 1021 4459 coactu.
1063 4400 1272 4459 sustinebimus
1292 4399 1380 4475 igitur
1399 4416 1491 4473 usque

440 4497 507 4554 dum
529 4498 558 4553 in
581 4498 666 4555 elium
688 4499 845 4557 incidemus
865 4500 992 4557 codicem
1014 4499 1168 4574 antiquum.
1193 4498 1370 4556 Rmunrrus.
1412 4495 1491 4552 Mihi

441 4595 554 4670 quidem
576 4597 734 4665 satisfieret,
764 4596 850 4654 modo
875 4597 960 4663 istud,
982 4606 1046 4654 suut
1070 4607 1095 4653 et
1119 4597 1178 4662 boc,
1204 4615 1268 4653 cum
1293 4604 1415 4653 raretum
1440 4593 1492 4650 boc

441 4698 607 4749 mutaretur.
