3817 5692
505 687 568 745 114
746 683 998 746 ARCHELAI
1031 683 1095 745 ET
1128 683 1347 745 MANETIS

504 857 611 925 etiam
630 865 901 936 conservatores,
920 857 1011 924 sicut
1029 854 1125 923 Abel
1143 854 1275 922 faciens
1291 876 1341 933 ea,
1360 877 1441 944 qnae
1459 854 1545 948 legis

503 978 595 1049 sunt,
614 979 651 1038 et
669 969 878 1050 custodiens,
896 991 1001 1059 quern
1025 967 1123 1048 Cain,
1143 989 1203 1036 vas
1228 966 1372 1060 maligni
1390 967 1545 1049 effeetus,

503 1084 696 1152 interemit.
749 1082 886 1152 Verum
905 1084 1013 1152 etiarn
1037 1091 1116 1173 post
1133 1082 1207 1150 haec
1226 1081 1337 1151 voluit
1357 1104 1451 1151 mors
1468 1104 1548 1173 pac-

503 1206 591 1277 tum,
609 1197 704 1288 quod
722 1197 836 1266 fuerat
855 1219 917 1289 per
935 1196 1087 1288 Moysen
1106 1197 1269 1286 positum,
1287 1197 1492 1277 rescindere,
1510 1205 1548 1264 et

504 1334 650 1403 regnare
664 1313 780 1381 denuo
798 1334 903 1404 snper
912 1312 1030 1403 justos
1045 1333 1054 1392 ;
1083 1319 1120 1379 et
1138 1310 1238 1378 irruit
1251 1311 1394 1400 quidem
1411 1311 1448 1378 in
1470 1333 1548 1402 pro-

503 1425 638 1516 phetas,
656 1427 880 1505 interficiens,
899 1434 937 1494 et
954 1424 1112 1516 lapidans
1129 1446 1198 1504 eos,
1216 1424 1275 1514 qui
1296 1424 1393 1493 missi
1410 1433 1548 1493 arante

504 1538 583 1610 Deo
614 1562 726 1631 nsque
753 1541 797 1610 ad
828 1539 1048 1609 Zachariam.
1099 1538 1274 1607 Dominus
1300 1548 1420 1608 antem
1448 1561 1547 1608 meus

502 1651 617 1734 Jesus,
637 1653 816 1743 justitiam
843 1652 964 1744 Moysi
992 1652 1080 1745 legis
1110 1652 1319 1732 custodiens,
1345 1651 1547 1746 indignatus

503 1766 669 1835 adversus
686 1774 838 1834 mortem
862 1787 925 1855 pro
942 1763 1225 1855 prevaricatione
1243 1758 1361 1853 ipacti,
1379 1771 1416 1832 et
1438 1765 1547 1834 totius

503 1878 597 1948 illius
632 1880 828 1960 ministerii,
859 1878 1024 1947 advenire
1054 1877 1303 1970 dignatusest
1333 1879 1369 1946 in
1397 1878 1547 1949 hominis

503 2014 659 2083 corpore,
678 1992 916 2062 vindicaturus
941 2013 1012 2060 non
1039 1992 1277 2081 semetipsum,
1297 1993 1359 2061 sed
1385 1990 1546 2085 Moysen,

503 2115 542 2176 et
566 2128 635 2185 eos,
663 2107 722 2196 qni
749 2128 795 2174 ex
824 2106 947 2175 ordine
969 2113 1050 2196 post
1073 2105 1188 2195 ipsum
1215 2102 1354 2174 fuerant
1381 2104 1548 2175 violentia

503 2220 627 2288 mortis
654 2221 818 2310 oppressi.
872 2218 1054 2311 Malignus
1080 2239 1163 2287 vero
1193 2219 1355 2310 ignorans
1384 2218 1548 2310 hujusce·

502 2332 597 2402 modi
628 2332 934 2423 dispensationem,
960 2334 1136 2425 ingressus
1161 2341 1216 2401 est
1241 2331 1384 2414 Judam‚
1415 2342 1456 2402 nt
1485 2356 1547 2424 per

501 2447 618 2538 ipsum
636 2448 851 2517 interficeret
867 2469 960 2527 eum,
979 2450 1071 2518 sicut
1088 2457 1194 2518 antee
1210 2447 1305 2517 Abel
1323 2448 1547 2518 interfecerat

496 2562 646 2653 justum.
698 2561 769 2631 Sed
800 2585 882 2631 cnm
916 2563 1081 2632 ints-asset
1110 2564 1147 2632 in
1173 2559 1316 2643 Judam‚
1341 2563 1548 2653 poenitentia

503 2667 640 2755 ductus,
666 2699 704 2745 se
728 2676 803 2767 ipse
829 2677 1030 2768 suspendit:
1058 2686 1200 2769 propter
1231 2676 1325 2767 quod
1354 2678 1405 2746 ait
1430 2699 1545 2747 sermo

504 2789 651 2872 divinus,
676 2787 744 2861 Ubi
765 2799 814 2860 cat
839 2813 931 2860 mors
952 2791 1098 2861 victorio
1124 2800 1192 2872 too,
1210 2788 1269 2860 uti
1290 2799 1339 2861 est
1361 2814 1452 2862 mors
1469 2814 1548 2862 acu-

504 3027 559 3090 bat,
574 3046 625 3082 aon
639 3034 727 3083 ostem
735 3027 872 3101 periebat.
915 3026 991 3083 Nam
999 3036 1140 3102 peccatam
1155 3028 1185 3083 id
1194 3034 1262 3089 erat
1277 3028 1349 3101 quod
1368 3034 1479 3083 monem
1491 3027 1547 3101 effi-

504 3121 598 3177 ciebat.
634 3122 694 3178 Lex
714 3131 802 3179 antem
818 3130 929 3179 morsm
948 3124 1096 3191 invehebat,
1113 3141 1147 3180 ac
1159 3132 1301 3199 peccam
1321 3124 1476 3190 indicabat;
1497 3142 1549 3179 aon

504 3226 591 3274 antem
603 3217 736 3292 faciebat.
771 3219 879 3276 Malum
899 3223 968 3276 enim
989 3221 1110 3295 apertius
1128 3220 1275 3296 detepebat,
1290 3238 1324 3277 ac
1337 3220 1483 3295 plectebat,
1498 3239 1549 3277 non

505 3322 593 3370 autem
607 3315 643 3370 ad
654 3315 751 3371 molum
766 3316 924 3391 impellebat.
960 3316 1056 3392 Nepae
1069 3318 1106 3373 ad
1121 3319 1151 3373 id
1167 3317 1349 3384 ministrabat,
1364 3327 1394 3374 at
1410 3326 1549 3393 peceatum

497 3411 590 3486 fieret,
605 3419 652 3467 aut
665 3430 738 3468 mora
751 3414 895 3479 wisteren
916 3415 965 3469 sed
978 3423 1008 3470 ut
1025 3433 1117 3489 poam
1130 3416 1207 3472 daret
1226 3416 1260 3481 ic,
1276 3418 1322 3493 qai
1336 3423 1496 3490 peccasset;
1516 3433 1550 3470 ac

500 3506 616 3579 proinde
629 3506 680 3562 doc
693 3524 794 3581 quoqne
807 3508 912 3564 ratione
919 3517 1062 3583 peccatam
1075 3509 1188 3566 delebat.
1216 3509 1292 3566 Nam
1306 3510 1367 3566 dem
1382 3511 1442 3585 ipso
1451 3527 1549 3585 pecca·

504 3610 561 3657 tum
575 3602 852 3677 adeoformt'dnadum
862 3623 919 3660 esse
933 3606 1092 3670 ostenderet.
1102 3607 1202 3682 procul
1214 3607 1293 3663 dudio
1307 3606 1359 3663 doc
1371 3607 1548 3681 etiamsacie·

505 3698 560 3761 bat,
575 3706 605 3754 ut
624 3699 710 3773 psam
722 3699 885 3775 sopiendam
905 3719 964 3757 esse
983 3702 1130 3759 videretur.
1175 3702 1399 3765 Quemadmodum
1419 3704 1548 3778 icitur-ic,

505 3795 650 3872 quiessem
666 3797 693 3852 ia
708 3814 801 3852 mana
820 3797 911 3860 sumit,
926 3815 959 3852 ac
978 3798 1051 3853 sonti
1071 3807 1151 3873 capnt
1171 3807 1304 3874 amputat,
1318 3800 1413 3871 judici
1427 3818 1548 3875 pona-

505 3889 589 3946 cs'anti
608 3891 759 3947 ministrum
779 3910 810 3948 se
824 3891 1035 3968 praebentesque
1055 3895 1114 3969 ipae
1133 3903 1183 3961 est,
1205 3896 1251 3970 qni
1269 3896 1409 3958 interimit,
1425 3896 1505 3951 etiam
1524 3897 1551 3950 si

504 3985 606 4059 alioqui
619 3987 677 4059 ipae
690 3988 736 4051 ait,
751 3989 799 4063 qui
820 3997 900 4063 caput
921 3989 1072 4045 abscindit:
1094 4008 1142 4046 nec
1162 4009 1260 4047 rums
1278 3990 1312 4053 is,
1327 3991 1374 4066 psi
1393 3994 1550 4046 mention

500 4082 622 4160 profert,
638 4100 670 4138 ac
685 4092 786 4140 sontem
801 4085 973 4150 condemsat,·
993 4087 1041 4141 sed
1053 4087 1122 4158 das,
1136 4087 1169 4142 de
1182 4105 1235 4161 qao
1248 4086 1409 4162 supplicium
1423 4086 1549 4151 unitur,

505 4178 672 4252 improbitas.
709 4180 811 4238 Eodem
827 4182 902 4237 modo
917 4182 962 4238 tre
975 4201 1078 4257 quoqne
1091 4201 1142 4239 aon
1156 4183 1200 4239 lec
1213 4192 1282 4249 erat,
1297 4202 1355 4258 quae
1375 4200 1463 4239 neem
1481 4183 1548 4256 offe-

505 4274 599 4340 rebat,·
621 4277 669 4331 sed
686 4285 825 4350 peccatam
847 4281 932 4352 ipsum
954 4287 1021 4343 erat,
1044 4280 1115 4354 qaod
1134 4289 1161 4334 et
1182 4280 1359 4343 interimebat,
1381 4287 1408 4334 et
1431 4279 1550 4335 medem-

506 4370 596 4427 nabat.

544 4463 551 4505 ῑ
567 4465 601 4522 In
613 4467 709 4523 codice
724 4468 872 4525 casinensi
887 4478 939 4535 est,
954 4472 1019 4535 aeti,
1035 4469 1207 4544 quodetiam
1224 4471 1373 4528 manifesta
1387 4478 1430 4527 est
1444 4469 1550 4527 librarii

506 4559 696 4618 hallucinatio.
