3817 5692
431 690 495 758 176
661 689 914 754 ARCHELAI
939 690 1002 752 ET
1028 688 1248 752 MANETIS

430 864 590 936 ducemus
607 874 638 935 et
653 861 817 946 bibantur,
835 887 913 935 crus
938 864 1029 934 enim
1052 863 1248 934 mordemur.
1302 860 1391 932 Haec
1417 886 1478 932 au-

430 990 505 1052 tem
523 981 642 1050 omnia
658 981 850 1063 connectis,
867 990 1025 1073 nnegans
1042 980 1136 1071 quod
1162 979 1207 1049 de
1233 977 1351 1050 Maria
1375 988 1479 1049 natus

429 1104 505 1179 est;
531 1096 559 1166 si
577 1096 671 1166 enim
691 1096 871 1166 confessus
894 1095 1003 1165 fueris
1026 1117 1108 1164 eum
1134 1095 1178 1164 de
1202 1092 1319 1164 Maria
1343 1103 1479 1176 natum,

429 1219 468 1281 et
491 1212 605 1303 passio
629 1210 865 1302 subsequatur
889 1233 1033 1281 necesse
1058 1220 1122 1290 est,
1140 1219 1178 1280 et
1203 1212 1400 1302 passionem
1426 1233 1480 1280 re-

429 1328 609 1408 surrectio,
626 1335 663 1396 et
686 1327 979 1396 resurrectionem
998 1326 1185 1417 judicium,
1205 1334 1242 1395 et
1263 1324 1360 1395 salva
1378 1326 1478 1397 nobis

429 1450 534 1511 erunt
560 1439 751 1532 Scriptura
776 1451 965 1532 praeeepta
1018 1439 1105 1510 Non
1121 1462 1205 1533 ergo
1223 1441 1300 1531 jam
1318 1461 1408 1509 vana
1424 1449 1478 1509 est

430 1556 586 1647 quaestio,
604 1556 666 1625 sed
690 1553 842 1644 plurima
858 1556 895 1625 in
913 1555 982 1626 hoc
1001 1555 1119 1625 verbo.
1171 1554 1273 1624 Sicut
1291 1554 1386 1624 enim
1404 1576 1478 1623 om-

429 1672 483 1740 nis
501 1670 570 1752 lex,
588 1680 626 1740 et
642 1670 839 1762 prophetiae
856 1672 893 1740 iu
911 1670 1050 1741 duobus
1067 1669 1286 1740 sermonibus
1303 1677 1476 1751 constant,

429 1789 480 1856 ita
496 1788 605 1857 etiam
631 1797 750 1857 nostra
774 1788 887 1857 omnis
913 1808 992 1878 spes
1017 1787 1054 1855 in
1081 1785 1203 1856 Beatae
1230 1787 1349 1855 Mariae
1374 1796 1477 1877 partu

429 1925 596 1994 suspensa
612 1912 687 1984 est;
713 1910 751 1971 et
769 1902 848 1971 ideo
866 1902 1038 1993 responde
1056 1899 1143 1970 mibi
1163 1902 1208 1970 ad
1235 1901 1382 1994 singula
1400 1924 1477 1992 quae

429 2028 466 2088 te
484 2017 719 2110 interrogabo.
770 2016 958 2100 Quomodo
975 2017 1182 2109 abjiciemus
1199 2025 1315 2088 tantas
1333 2029 1370 2086 et
1389 2015 1477 2085 tales

429 2131 592 2224 Apostoli
618 2155 732 2215 voces,
758 2156 839 2225 quae
866 2133 1002 2216 dicunt,
1028 2132 1141 2207 ⁰Cum
1172 2142 1283 2204 eutem
1299 2131 1380 2227 suit
1406 2130 1478 2202 Dei

429 2245 583 2318 volantes
609 2249 647 2316 in
673 2245 780 2332 nobb,
800 2248 895 2319 misit
911 2247 1048 2319 Filium
1072 2272 1170 2319 suum
1186 2248 1326 2344 sactum
1344 2273 1388 2318 er
1404 2271 1478 2317 mu-

428 2358 567 2432 liare?
592 2363 640 2434 Et
672 2366 811 2447 iterum,
842 2362 997 2436 ''Paacda
1026 2375 1180 2436 nostrum
1209 2363 1401 2435 immolatus
1429 2372 1478 2433 est

430 2475 602 2551 cbristus
655 2480 703 2550 Et
724 2483 817 2573 quia,
834 2478 959 2565 ³Dcus,
978 2490 1010 2551 et
1026 2480 1216 2552 Dominum
1243 2481 1428 2562 srucitooit,
1446 2489 1478 2549 et

429 2618 491 2664 nos
507 2605 605 2666 lcum
631 2595 692 2668 illo
717 2596 894 2669 suscitabit
913 2622 980 2692 per
1000 2600 1157 2671 virtutem
1174 2622 1282 2670 suem.
1335 2597 1384 2667 Et
1408 2597 1478 2667 alia

428 2710 542 2781 multa
565 2712 619 2782 his
644 2713 773 2783 similia
790 2714 886 2785 dicta
907 2724 1002 2796 sunt,
1020 2724 1061 2783 ut
1086 2724 1142 2785 est
1166 2714 1264 2795 illud,
1281 2711 1476 2801 ⁴anmodo

428 2824 547 2897 dicunt
563 2828 703 2922 quidam
731 2830 769 2899 ia
794 2828 918 2911 uota,
937 2830 1020 2924 quia
1041 2829 1246 2900 resurrectio
1263 2838 1474 2899 rnortuornm

467 3054 483 3085 ¹¹
498 3043 543 3101 Ita
555 3045 708 3121 legendum
719 3048 825 3112 censui,
838 3047 905 3105 licet
919 3048 948 3104 in
963 3047 1060 3104 codice
1069 3045 1217 3103 Casineusi
1231 3045 1378 3112 scribatur,
1390 3064 1471 3121 neyn-

428 3144 462 3196 tis
476 3141 506 3197 id
518 3144 597 3216 qnod.

467 3248 482 3279 ⁰
503 3238 629 3316 Vulgata
642 3241 729 3299 editio
750 3262 845 3318 graeco
859 3242 950 3301 textui
964 3260 1089 3299 consona
1101 3239 1182 3316 legit,
1198 3241 1238 3296 At
1258 3240 1305 3297 sti
1324 3242 1397 3295 venit
1413 3240 1473 3315 ple·

426 3336 518 3393 adedo
532 3339 661 3412 temporis
674 3357 793 3414 eamque
814 3341 965 3398 lectionem
984 3340 1106 3415 probant
1126 3339 1260 3403 lreuaeus,
1274 3337 1474 3402 Tertullianus,

427 3432 595 3507 Qpriauus,
610 3436 710 3492 etalii.

467 3539 483 3583 Ρ
503 3530 608 3597 Verba,
631 3550 690 3588 cam
709 3533 767 3599 illo,
788 3553 846 3590 nou
864 3534 972 3592 habeut
988 3552 1092 3609 grace,
1115 3551 1205 3608 neque
1227 3532 1361 3607 Vulgata,
1384 3552 1475 3606 neque

426 3626 551 3683 lrenaeus
572 3627 619 3684 lib.
642 3644 669 3704 5.
692 3630 827 3687 adversus
849 3630 918 3688 haer.
939 3650 1001 3706 cap.
1023 3631 1050 3686 6.
1074 3639 1103 3687 et
1125 3644 1151 3705 7.
1176 3648 1268 3703 neque
1286 3629 1475 3686 Tertullianus

424 3722 498 3779 libro
513 3741 539 3798 5.
555 3725 691 3783 adversus
705 3727 883 3786 Marcionem
898 3728 990 3803 capite
1003 3747 1029 3802 7.
1043 3746 1136 3802 neque
1154 3727 1184 3783 in
1205 3726 1277 3784 libro
1288 3727 1323 3784 de
1338 3727 1476 3784 Pudicitia

425 3821 518 3896 capite
527 3823 571 3879 16.
593 3826 743 3894 (Attamen
755 3826 947 3902 Hieronymus
954 3846 997 3901 ep.
1008 3826 1163 3882 odAmand.
1174 3823 1313 3883 referente
1323 3824 1474 3897 Sabatier.)

466 3928 482 3973 (t
497 3919 531 3975 ln
543 3921 639 3979 codice
650 3923 798 3981 casinensi
812 3933 865 3989 est,
880 3924 908 3979 in
922 3923 1007 3989 mdis,
1022 3931 1051 3979 et
1065 3922 1146 3988 infra,
1159 3940 1228 3978 vaae
1241 3931 1282 3978 est
1286 3923 1361 3996 fides
1371 3932 1474 3980 nostra.

426 4012 484 4071 Sed
498 4015 631 4092 Vulgata
652 4019 737 4076 lectio
752 4018 817 4076 huic
839 4019 1022 4094 praeferenda,
1038 4027 1135 4093 utpote
1150 4038 1211 4092 quae
1226 4038 1261 4075 ex
1281 4018 1387 4076 librarii
1401 4021 1473 4076 osci-

425 4111 516 4167 tantia
532 4114 661 4171 videatur
679 4123 788 4180 exorta,
808 4116 934 4174 lreuaeus
955 4135 1066 4191 quoque
1086 4115 1285 4181 Tertullianus,
1304 4116 1474 4191 Cyprianus,

425 4206 526 4281 aliique
541 4208 674 4284 Vulgata
694 4209 846 4267 lectionem
868 4221 1033 4286 sequuntur.
1071 4213 1128 4285 (De
1141 4212 1234 4269 verbis
1255 4212 1343 4268 sacris
1362 4213 1475 4269 omissis

424 4311 490 4376 post
504 4303 560 4367 illa,
573 4324 648 4378 quem
669 4325 720 4363 aon
740 4308 891 4373 aaadtavit
907 4309 1020 4366 vidend.
1036 4317 1105 4367 nota
1120 4309 1156 4365 ad
1170 4308 1345 4371 Africanum,
1361 4327 1387 4382 p.
1403 4326 1439 4383 33
1443 4327 1474 4383 3,

425 4399 482 4455 vol
498 4400 527 4457 ii.
543 4400 710 4477 Reliquiar.)

467 4519 554 4577 ¹Gal.
571 4522 607 4578 iv.
622 4539 651 4593 4.
755 4523 881 4580 'rcon
897 4545 923 4582 v.
941 4541 967 4599 7.
1064 4525 1275 4597 ¹1bid.vi.14.
1380 4524 1474 4582 ⁴1bid.

425 4632 612 4674 xum—ao.
