3817 5692
742 697 1054 762 DlSPUTATlO.
1359 701 1423 768 109

372 871 507 957 occidit,
525 894 586 942 uec
611 894 802 966 quenquam
819 869 980 965 vivificat,
998 879 1047 953 et,
1066 868 1168 959 Quod
1190 869 1248 942 lec
1269 871 1424 944 ministe-

372 989 466 1059 rium
493 988 614 1058 mortis
639 997 698 1070 est,
718 988 910 1081 'virtusque
925 985 1070 1080 peccati.
1122 984 1350 1057 Arcessitus
1368 1008 1424 1058 n1·

374 1123 451 1187 xm,
469 1101 602 1174 'Eurus
628 1104 780 1175 nesciens
802 1103 1006 1197 scripturus,
1029 1124 1135 1195 neque
1151 1102 1311 1173 uirtutem
1330 1100 1401 1174 Dei
1411 1128 1423 1183 ,·

372 1217 477 1289 multi
494 1220 589 1288 enim
608 1220 715 1291 etium
734 1227 814 1312 post
837 1218 1031 1289 adventum
1049 1215 1181 1289 Christi
1199 1241 1310 1311 nsque
1328 1242 1423 1290 nunc

371 1331 562 1423 perierunt,
576 1339 614 1401 et
631 1338 791 1432 pereunt,
804 1330 841 1400 hi
860 1329 1007 1409 scilieet,
1021 1332 1082 1423 qui
1100 1332 1263 1423 operibus
1274 1334 1423 1425 justitiae

372 1445 547 1517 deservire
576 1445 786 1527 noluerunt3
812 1444 864 1516 illi
891 1469 974 1516 roro
999 1444 1076 1529 soli,
1103 1448 1163 1537 qui
1194 1458 1423 1540 susceperunt

371 1585 465 1645 eum,
491 1570 529 1632 et
555 1562 761 1654 suscipiunt,
778 1558 1004 1633 ’Potestntcur
1030 1572 1230 1655 acceperuut
1247 1561 1326 1657 filii
1352 1562 1425 1635 Dei

360 1677 458 1771 ficri.
511 1676 597 1747 Non
627 1679 722 1748 enim
752 1700 875 1748 omnes
905 1677 1018 1759 dixit3
1044 1678 1106 1748 sed
1136 1701 1253 1771 neque
1283 1690 1425 1772 tempus

373 1794 588 1877 terminavit,
606 1791 809 1888 Quicunque
833 1792 936 1876 euim,
961 1794 1086 1885 inquit,
1111 1804 1311 1889 acceperuut
1336 1820 1423 1868 cum.

373 1908 489 1981 Adest
515 1918 636 1980 autom
662 1931 802 2002 semper
819 1908 927 2000 justis
946 1909 1038 1990 viris,
1059 1933 1081 1980 n
1102 1919 1263 1981 creatum
1287 1912 1422 1994 mnndi,

373 2048 439 2095 nec
469 2032 582 2094 cesset
618 2024 795 2115 inquirere
824 2023 1032 2117 sanguinem
1066 2025 1220 2117 ipsorum
1250 2036 1315 2097 ⁴ex
1344 2049 1424 2097 san-

372 2139 481 2233 guine
510 2138 605 2209 Abel
632 2141 735 2233 justi,
765 2163 878 2232 usque
911 2140 955 2211 ed
991 2141 1198 2233 sanguinem
1227 2141 1421 2213 Zachariae.

375 2252 482 2324 Unde
510 2276 594 2347 ergo
622 2253 718 2325 Abel
740 2255 870 2346 justus,
893 2263 930 2324 et
959 2253 1012 2324 illi
1043 2278 1165 2327 omnes
1192 2255 1316 2349 reliqui
1338 2268 1423 2350 yper

374 2370 545 2452 ordinem,
580 2370 639 2461 qui
674 2371 768 2440 inter
794 2370 911 2462 justos
944 2382 1206 2453 enumerantur,
1240 2396 1322 2443 oum
1363 2374 1423 2445 lex

373 2508 444 2555 non
483 2494 576 2556 osset
611 2484 740 2578 Moysi,
775 2508 858 2556 cum
893 2483 1081 2578 Prophetae
1115 2488 1229 2558 oborti
1264 2512 1335 2559 non
1369 2513 1424 2560 es-
1469 2575 1472 2583 Ι

374 2611 462 2681 seut,
499 2624 565 2672 neo
603 2602 799 2695 prophetiae
838 2625 968 2672 munus
1001 2602 1237 2695 implessent?
1291 2603 1424 2674 Nonne
1557 2630 1559 2633 ·

368 2718 457 2810 justi
475 2716 592 2788 effecti
610 2727 693 2788 sunt
714 2741 760 2788 ex
784 2741 827 2789 eo
851 2718 945 2809 quod
973 2716 1088 2810 legem
1115 2718 1320 2811 implebant,
1339 2717 1422 2789 503-

375 2830 512 2904 undem
542 2833 775 2928 uuusquisque
802 2856 919 2905 eorum
948 2845 1054 2926 zopus
1083 2831 1168 2931 lepis
1192 2834 1357 2929 scriptum
1385 2835 1424 2905 iu

375 2946 532 3020 cordibus
565 2947 649 3029 suis,
680 2948 910 3020 testimouium
941 2946 1102 3019 reddente
1135 2949 1184 3020 eis
1218 2950 1425 3022 couscientia

374 3064 470 3135 sucu?
495 3064 586 3135 Cum
605 3066 701 3136 enim
719 3066 798 3156 quis
820 3064 935 3158 legem
953 3088 1025 3134 non
1042 3065 1186 3148 habens,
1204 3066 1423 3149 naturaliter,

375 3203 453 3272 qnae
469 3178 557 3274 legis
574 3190 667 3262 sunt,
685 3180 781 3263 fucit,
798 3179 856 3250 hio
875 3180 990 3274 legem
1015 3203 1086 3250 non
1104 3180 1246 3263 hebens,
1265 3182 1341 3273 ipse
1357 3181 1422 3253 sibi

375 3304 429 3365 est
445 3295 516 3366 lex.
569 3295 617 3365 Et
632 3296 773 3367 intuere
790 3296 1058 3366 multitudinem
1076 3295 1196 3390 legum
1222 3319 1285 3389 per
1307 3299 1426 3392 singu·

376 3410 427 3482 los
447 3412 574 3503 justos,
598 3412 658 3503 qui
686 3411 777 3483 bene
804 3412 957 3505 agebant
983 3413 1091 3481 vitem
1120 3434 1230 3494 suam,
1256 3436 1350 3483 nunc
1378 3436 1424 3484 ex

375 3528 572 3620 semetipsis
596 3527 815 3619 proferentes
840 3528 877 3597 in
903 3527 1068 3598 cordibus
1093 3528 1165 3598 suis
1190 3528 1330 3599 insitam
1353 3528 1424 3600 Dei

375 3642 504 3737 legem,
529 3665 625 3712 nunc
652 3665 673 3712 a
700 3642 849 3735 propriis
875 3642 1080 3734 parentibus
1109 3642 1336 3733 inquirentes,
1362 3644 1426 3714 nli-

377 3758 518 3851 qnnndo
530 3759 638 3829 etiem
652 3757 698 3828 ab
710 3757 968 3849 antiquioribus
982 3766 1019 3826 et
1033 3757 1227 3827 senioribus
1244 3758 1426 3830 addiscen-

377 3882 443 3945 tes.
496 3872 632 3944 Verum
658 3873 740 3964 quin
766 3873 866 3964 pauci
884 3880 969 3963 *per
985 3871 1080 3941 huno
1097 3872 1242 3942 modum
1261 3883 1425 3965 poteraut

376 3991 419 4062 nd
443 3989 593 4081 justitiae
620 3988 761 4058 culmen
789 3987 989 4069 oscendere,
1016 3986 1119 4069 idest,
1147 4010 1211 4079 per
1238 3999 1425 4081 parentum

417 4166 430 4204 t
446 4155 480 4211 ln
495 4154 592 4211 codice
607 4153 765 4220 Catinensi,
780 4154 829 4228 qui
836 4172 890 4228 per
903 4153 1032 4216 ordinem,
1047 4154 1094 4229 qui
1106 4153 1289 4225 interjectos.

418 4261 432 4294 ²
447 4252 481 4308 ln
495 4250 595 4308 eodem
610 4250 707 4307 codiee
721 4249 862 4315 scribitur,
878 4268 945 4325 opue
958 4250 1028 4325 ἱερὴ
1040 4250 1187 4325 scriptura.

418 4358 433 4392 ⁸
448 4349 493 4406 lta
503 4348 617 4405 ridetur
629 4347 792 4422 legendum,
807 4348 873 4404 licet
891 4347 921 4403 in
940 4347 1038 4405 codice
1052 4347 1199 4405 Catinensi
1214 4347 1362 4415 scribatur,
1372 4369 1426 4424 per

378 4440 447 4497 lunc
459 4442 596 4497 mundum.

420 4570 427 4594 ¹
446 4581 458 4619 1
474 4561 542 4619 Cor.
555 4582 602 4619 xv.
615 4565 664 4638 56.
791 4568 799 4591 ¹
817 4563 888 4619 lllnt.
902 4562 969 4619 xxii.
983 4580 1030 4638 29.
1163 4562 1288 4619 ’Josnn
1300 4562 1319 4620 i.
1336 4582 1382 4620 12.

419 4671 428 4700 ⁴
443 4661 517 4718 Mat.
530 4662 606 4718 xxiii.
619 4678 668 4735 35.
793 4668 800 4698 ⁵
817 4662 900 4718 Rom.
912 4661 941 4717 ii.
961 4679 968 4716 ι
976 4675 1003 4735 5.
