3817 5692
605 698 669 761 DE
694 695 1078 790 REBAPTISMATE
1102 697 1260 762 LIBER.
1392 696 1457 764 295

408 870 459 941 sia
484 870 634 943 formam
663 882 701 943 et
732 872 1024 944 consuetudinem
1055 872 1319 944 saluberrimam
1349 878 1457 960 atque

407 985 590 1077 pacificam
606 988 778 1057 universis
795 988 962 1059 fratribus
978 989 1206 1059 insinuemus.

457 1098 529 1173 ΙΙΙ.
557 1102 672 1197 Igitur
696 1104 985 1197 adgredientibus
1011 1113 1203 1176 tractatum
1230 1100 1392 1173 salutaris
1419 1107 1457 1169 et

407 1219 500 1300 novi,
534 1219 602 1290 hoc
635 1229 690 1290 est
724 1220 890 1311 spiritalis
924 1230 962 1290 et
996 1218 1189 1314 evangelici
1224 1215 1456 1311 baptismatis,

406 1333 578 1426 inprimis
596 1336 749 1405 occurrit
766 1335 951 1406 notissima
969 1336 1131 1406 omnibus
1148 1334 1350 1427 praedicatio
1363 1331 1457 1404 cele·

406 1447 508 1519 brata
530 1457 639 1541 atque
663 1462 780 1541 coepta
803 1451 848 1520 ab
865 1451 1006 1521 Joanne
1024 1451 1196 1542 Baptista,
1214 1450 1274 1541 qui
1298 1448 1455 1541 aliquan·

407 1569 486 1631 tum
515 1562 710 1633 desciscens
735 1586 757 1633 a
787 1563 876 1657 lege,
901 1565 937 1633 id
968 1573 1024 1634 est
1049 1565 1184 1657 ¹Moysi
1211 1565 1456 1655 antiquissimo

407 1678 630 1769 baptismate,
665 1689 702 1749 et
737 1680 831 1749 viam
865 1702 964 1749 novae
998 1688 1036 1748 et
1074 1701 1168 1748 verae
1207 1679 1329 1772 gratiae
1366 1701 1456 1770 prae·

407 1803 567 1865 sternens
601 1801 655 1865 'et
688 1795 914 1887 baptismate,
948 1796 1043 1887 quod
1079 1795 1222 1864 interim
1255 1787 1470 1874 exercebat

406 1932 506 2001 aqnae
531 1920 570 1980 et
594 1910 831 2003 poenitentiae3
857 1911 987 1981 sensim
1011 1932 1113 1983 aures
1137 1910 1344 1980 Judaeorum
1370 1931 1455 2000 pm-

407 2026 572 2097 veniebat
602 2036 639 2097 et
669 2027 866 2119 occupabat
896 2027 1063 2120 spiritalis
1091 2025 1313 2120 baptismatis
1343 2023 1453 2093 futuri

405 2145 687 2227 annuntiatione,
712 2142 902 2214 adhortans
932 2165 993 2215 eos
1022 2152 1061 2214 et
1090 2144 1233 2213 dicens:
1274 2140 1345 2231 Qui
1371 2146 1598 2236 postllmlffi·

404 2280 457 2327 me
481 2258 572 2329 venit
585 2256 724 2353 fortier
749 2282 802 2328 me
830 2267 889 2343 est,
915 2258 1010 2351 eujus
1037 2281 1097 2355 eya
1125 2282 1195 2329 aaa
1223 2281 1299 2328 sam
1326 2226 1501 2355 dipens¹¹'

405 2371 589 2469 cmriyiam
618 2370 831 2443 calciamenti
853 2370 992 2455 solvere,
1020 2372 1092 2466 ipse
1116 2395 1174 2444 aas
1198 2370 1386 2466 baptizabit
1413 2373 1452 2443 ia

403 2468 533 2580 spirita
553 2496 669 2559 sancto
692 2496 724 2558 et
750 2487 834 2583 iyai.
887 2487 1038 2578 Propter
1063 2489 1158 2580 quod
1184 2489 1285 2559 nobis
1311 2512 1452 2581 quoque

404 2604 509 2695 hujus
534 2604 704 2674 sermonis
730 2625 828 2673 orsus
857 2603 941 2673 hinc
967 2604 1122 2695 incipere
1148 2604 1302 2675 debebit.
1355 2604 1453 2675 Nam

404 2729 441 2790 et
459 2720 635 2790 Dominus
656 2720 749 2789 hanc
773 2719 924 2790 eandem
941 2742 1067 2789 vocem
1083 2719 1231 2791 Joannis
1253 2729 1332 2811 post
1352 2742 1453 2790 suam

403 2837 695 2906 resurrectionem
736 2835 773 2904 in
807 2833 908 2905 Actis
943 2833 1199 2927 Apostolomm
1232 2837 1453 2919 confirmans,

397 2952 565 3045 precaepit
581 2952 640 3034 eis,
654 2948 696 3021 ab
708 2948 966 3045 Hierosolymis
982 2972 1051 3021 aaa
1068 2949 1248 3034 discedere,
1259 2950 1320 3022 sed
1335 2975 1454 3045 espec·
1461 2960 1518 3012 Ao
1529 2963 1547 3011 i·
1558 2980 1582 3024 4·
1591 2974 1615 3026 s·

404 3075 479 3137 tare
504 3064 597 3136 illam
616 3066 882 3159 promissionem
899 3064 1024 3135 Patris
1047 3089 1149 3160 qaam
1174 3065 1322 3137 audistis
1345 3089 1367 3135 a
1389 3091 1452 3151 me,

403 3181 486 3275 quia
501 3179 659 3251 Joaaacs
676 3179 813 3275 quidem
830 3178 1018 3275 baptizavit
1040 3203 1140 3274 aqam,
1158 3203 1215 3251 aas
1236 3189 1347 3251 autem
1370 3179 1453 3276 bap·

403 3294 598 3367 tizabimiai
627 3296 756 3391 spirita
785 3305 902 3368 sancta
929 3319 999 3366 aaa
1023 3303 1103 3390 past
1131 3294 1253 3366 multos
1279 3293 1341 3368 los
1367 3295 1451 3368 dies.

403 3411 570 3505 Itemque
605 3411 734 3483 Petrus
768 3412 892 3482 eadem
922 3410 1030 3481 verba
1058 3409 1206 3480 Domini
1239 3414 1451 3503 percensuit,

402 3528 575 3598 rationem
604 3551 668 3620 pro
699 3548 736 3596 se
766 3527 860 3618 apud
887 3524 1080 3619 Apostolos
1106 3526 1255 3596 reddens
1281 3526 1450 3598 dicendo:

403 3642 493 3716 Cam
516 3652 628 3735 uatem
651 3642 837 3736 inciperem
860 3640 955 3737 loqui
978 3665 1049 3738 epo,
1068 3641 1176 3711 irruit
1191 3641 1337 3735 spiritus
1353 3650 1561 3715 sarae-Aet-x'L
1575 3666 1614 3718 ἐ.

402 3766 455 3828 tus
471 3781 574 3853 saper
591 3780 655 3840 eos,
673 3757 761 3828 sicat
778 3766 809 3827 et
825 3780 929 3851 saper
946 3779 1008 3827 aas
1027 3757 1065 3826 in
1081 3756 1272 3851 principio,
1290 3765 1322 3828 et
1337 3780 1451 3829 recar-
1462 3715 1500 3779 ¹⁶'
1515 3729 1552 3781 η’

400 3929 452 3985 pro
471 3912 580 3968 accmdi
599 3920 754 3987 posuerunt
775 3912 920 3968 accedenti.
962 3912 1027 3987 Ego
1046 3920 1116 3987 puto
1139 3913 1301 3987 ponendum
1322 3932 1385 3971 esse
1405 3922 1449 3971 at·

400 4008 481 4065 tendi.
506 4009 620 4065 Banaz.
663 4008 766 4065 Malim
791 4026 847 4083 ego
870 4027 1008 4082 reponere
1032 4011 1178 4077 ccoenseri,
1200 4029 1252 4084 pro
1274 4011 1392 4076 accendi,
1413 4010 1449 4068 de

400 4124 457 4179 quo
479 4105 564 4161 verbo
585 4104 794 4179 lexicographi
815 4104 938 4161 videndi.
984 4105 1089 4163 Glossoe
1101 4116 1155 4163 vei.
1170 4106 1286 4173 habent,
1300 4109 1448 4171 Accensae,

400 4203 562 4275 εἶσαγωγεὺς,
577 4202 718 4275 εἰσηγητής.

441 4305 449 4328 ¹
470 4298 580 4374 Moysi]
596 4298 717 4375 Moysis.
739 4302 832 4357 Antea
845 4300 953 4358 editum
968 4310 1028 4359 erat
1045 4302 1139 4377 Moyse
1154 4302 1348 4378 antiquissimo.
1378 4301 1448 4359 Cer·

399 4404 458 4453 tam
473 4414 535 4453 esse
549 4397 622 4453 hanc
636 4405 764 4454 nostram
778 4398 1006 4456 emendationem
1025 4400 1152 4457 ostendit
1171 4400 1251 4456 locus
1272 4418 1308 4456 ex
1329 4399 1449 4474 epistola

402 4509 448 4567 73.
464 4493 599 4568 Cypriani
614 4513 677 4570 pag.
698 4513 708 4576 r
714 4510 763 4568 34.
785 4495 837 4551 Illi
850 4497 986 4571 quiajam
1000 4497 1068 4572 lepis
1082 4506 1109 4554 et
1122 4497 1219 4573 Moysi
1232 4496 1448 4571 amiquissimum

401 4590 532 4665 baptisma
538 4591 656 4665 sumant
670 4592 787 4649 resecati
802 4593 928 4668 (adepta).
950 4593 1063 4650 Buraz.

440 4691 448 4715 ¹
470 4694 499 4743 et
513 4686 695 4764 baptismate]
715 4688 780 4745 For.
795 4707 828 4745 ea
843 4690 1007 4766 baptismate.
