<?xml version="1.0" encoding="UTF-8"?>
<!DOCTYPE html PUBLIC "-//W3C//DTD XHTML 1.0 Transitional//EN"
    "http://www.w3.org/TR/xhtml1/DTD/xhtml1-transitional.dtd">
<html xmlns="http://www.w3.org/1999/xhtml" xml:lang="en" lang="en">
 <head>
  <title>
</title>
<meta http-equiv="Content-Type" content="text/html;charset=utf-8" />
  <meta name='ocr-system' content='tesseract 3.04.00' />
  <meta name='ocr-capabilities' content='ocr_page ocr_carea ocr_par ocr_line ocrx_word'/>
</head>
<body>
  <div class='ocr_page' id='page_1' title='image "./reliquiaesacrae02routgoog_0027.png"; bbox 0 0 3817 5692; ppageno 0'>
   <div class='ocr_carea' id='block_1_1' title="bbox 798 716 1476 782">
    <p class='ocr_par' dir='ltr' id='par_1_1' title="bbox 798 716 1476 782">
     <span class='ocr_line' id='line_1_1' title="bbox 798 716 1476 782; baseline -0.003 -2"><span class='ocrx_word' id='word_1_1' title='bbox 798 718 1103 782; x_wconf 85' lang='lat' dir='ltr'><strong>ARCHELAUS.</strong></span> <span class='ocrx_word' id='word_1_2' title='bbox 1434 716 1476 779; x_wconf 81' lang='lat' dir='ltr'><strong>la</strong></span> 
     </span>
    </p>
   </div>
   <div class='ocr_carea' id='block_1_2' title="bbox 426 887 1480 4739">
    <p class='ocr_par' dir='ltr' id='par_1_2' title="bbox 426 887 1477 1992">
     <span class='ocr_line' id='line_1_2' title="bbox 429 887 1476 973; baseline 0.001 -22"><span class='ocrx_word' id='word_1_3' title='bbox 429 887 685 952; x_wconf 85' lang='lat' dir='ltr'><strong>Ecclesiastionm</strong></span> <span class='ocrx_word' id='word_1_4' title='bbox 707 887 887 951; x_wconf 78' lang='lat' dir='ltr'><strong>Historiam</strong></span> <span class='ocrx_word' id='word_1_5' title='bbox 910 888 1058 966; x_wconf 89' lang='lat' dir='ltr'><strong>absolvit,</strong></span> <span class='ocrx_word' id='word_1_6' title='bbox 1080 895 1114 952; x_wconf 84' lang='lat' dir='ltr'><strong>et</strong></span> <span class='ocrx_word' id='word_1_7' title='bbox 1138 909 1176 952; x_wconf 87' lang='lat' dir='ltr'><strong>ea</strong></span> <span class='ocrx_word' id='word_1_8' title='bbox 1199 887 1314 965; x_wconf 90' lang='lat' dir='ltr'><strong>omnia,</strong></span> <span class='ocrx_word' id='word_1_9' title='bbox 1339 909 1410 973; x_wconf 85' lang='lat' dir='ltr'><strong>quae</strong></span> <span class='ocrx_word' id='word_1_10' title='bbox 1435 888 1476 952; x_wconf 85' lang='lat' dir='ltr'><strong>de</strong></span> 
     </span>
     <span class='ocr_line' id='line_1_3' title="bbox 428 989 1477 1066; baseline 0.002 -14"><span class='ocrx_word' id='word_1_11' title='bbox 428 990 681 1054; x_wconf 82' lang='lat' dir='ltr'><strong>Maniohaeorum</strong></span> <span class='ocrx_word' id='word_1_12' title='bbox 697 989 809 1052; x_wconf 84' lang='lat' dir='ltr'><strong>haeresi</strong></span> <span class='ocrx_word' id='word_1_13' title='bbox 824 990 977 1066; x_wconf 88' lang='lat' dir='ltr'><strong>narravit,</strong></span> <span class='ocrx_word' id='word_1_14' title='bbox 988 1012 1022 1054; x_wconf 90' lang='lat' dir='ltr'><strong>se</strong></span> <span class='ocrx_word' id='word_1_15' title='bbox 1037 1012 1075 1054; x_wconf 90' lang='lat' dir='ltr'><strong>ex</strong></span> <span class='ocrx_word' id='word_1_16' title='bbox 1091 989 1209 1053; x_wconf 87' lang='lat' dir='ltr'><strong>eisdem</strong></span> <span class='ocrx_word' id='word_1_17' title='bbox 1225 989 1319 1053; x_wconf 88' lang='lat' dir='ltr'><strong>Actis</strong></span> <span class='ocrx_word' id='word_1_18' title='bbox 1333 989 1477 1054; x_wconf 75' lang='lat' dir='ltr'>hausisse</span> 
     </span>
     <span class='ocr_line' id='line_1_4' title="bbox 429 1090 1475 1177; baseline -0.001 -22"><span class='ocrx_word' id='word_1_19' title='bbox 429 1092 563 1174; x_wconf 84' lang='lat' dir='ltr'><strong>ingenus</strong></span> <span class='ocrx_word' id='word_1_20' title='bbox 584 1091 706 1155; x_wconf 82' lang='lat' dir='ltr'><strong>fatetur</strong></span> <span class='ocrx_word' id='word_1_21' title='bbox 725 1091 779 1154; x_wconf 93' lang='lat' dir='ltr'><strong>lib.</strong></span> <span class='ocrx_word' id='word_1_22' title='bbox 795 1090 816 1154; x_wconf 91' lang='lat' dir='ltr'><strong>i.</strong></span> <span class='ocrx_word' id='word_1_23' title='bbox 837 1113 906 1177; x_wconf 86' lang='lat' dir='ltr'><strong>cap.</strong></span> <span class='ocrx_word' id='word_1_24' title='bbox 921 1109 971 1155; x_wconf 83' lang='lat'><strong>22.</strong></span> <span class='ocrx_word' id='word_1_25' title='bbox 1018 1091 1139 1155; x_wconf 88' lang='lat' dir='ltr'><strong>Eorum</strong></span> <span class='ocrx_word' id='word_1_26' title='bbox 1161 1090 1297 1176; x_wconf 87' lang='lat' dir='ltr'><strong>insuper,</strong></span> <span class='ocrx_word' id='word_1_27' title='bbox 1321 1098 1475 1175; x_wconf 91' lang='lat' dir='ltr'><strong>tanquam</strong></span> 
     </span>
     <span class='ocr_line' id='line_1_5' title="bbox 427 1191 1476 1277; baseline 0.001 -21"><span class='ocrx_word' id='word_1_28' title='bbox 427 1193 469 1256; x_wconf 90' lang='lat' dir='ltr'><strong>ab</strong></span> <span class='ocrx_word' id='word_1_29' title='bbox 485 1191 686 1277; x_wconf 84' lang='lat' dir='ltr'><strong>Hegemonio</strong></span> <span class='ocrx_word' id='word_1_30' title='bbox 701 1191 839 1275; x_wconf 90' lang='lat' dir='ltr'><strong>quodam</strong></span> <span class='ocrx_word' id='word_1_31' title='bbox 854 1193 1057 1277; x_wconf 88' lang='lat' dir='ltr'><strong>scriptorum,</strong></span> <span class='ocrx_word' id='word_1_32' title='bbox 1073 1192 1264 1256; x_wconf 77' lang='lat' dir='ltr'><strong>mentionem</strong></span> <span class='ocrx_word' id='word_1_33' title='bbox 1279 1193 1357 1257; x_wconf 83' lang='lat' dir='ltr'><strong>facit</strong></span> <span class='ocrx_word' id='word_1_34' title='bbox 1369 1195 1476 1257; x_wconf 87' lang='lat' dir='ltr'><strong>Hera·</strong></span> 
     </span>
     <span class='ocr_line' id='line_1_6' title="bbox 428 1293 1475 1380; baseline 0.001 -22"><span class='ocrx_word' id='word_1_35' title='bbox 428 1295 550 1359; x_wconf 87' lang='lat' dir='ltr'><strong>olianus</strong></span> <span class='ocrx_word' id='word_1_36' title='bbox 578 1293 842 1358; x_wconf 75' lang='lat' dir='ltr'>Chalcedonensis</span> <span class='ocrx_word' id='word_1_37' title='bbox 868 1295 1043 1380; x_wconf 88' lang='lat' dir='ltr'><strong>episcopus,</strong></span> <span class='ocrx_word' id='word_1_38' title='bbox 1074 1304 1111 1359; x_wconf 89' lang='lat' dir='ltr'><strong>ut</strong></span> <span class='ocrx_word' id='word_1_39' title='bbox 1140 1316 1237 1379; x_wconf 89' lang='lat' dir='ltr'><strong>supra</strong></span> <span class='ocrx_word' id='word_1_40' title='bbox 1265 1294 1386 1358; x_wconf 89' lang='lat' dir='ltr'><strong>dictum</strong></span> <span class='ocrx_word' id='word_1_41' title='bbox 1415 1303 1475 1359; x_wconf 88' lang='lat' dir='ltr'><strong>est.</strong></span> 
     </span>
     <span class='ocr_line' id='line_1_7' title="bbox 429 1396 1475 1482; baseline -0.003 -21"><span class='ocrx_word' id='word_1_42' title='bbox 429 1398 573 1482; x_wconf 92' lang='lat' dir='ltr'><strong>Denique</strong></span> <span class='ocrx_word' id='word_1_43' title='bbox 588 1396 740 1461; x_wconf 81' lang='lat' dir='ltr'><strong>Archelai</strong></span> <span class='ocrx_word' id='word_1_44' title='bbox 760 1398 860 1461; x_wconf 79' lang='lat' dir='ltr'><strong>nostri</strong></span> <span class='ocrx_word' id='word_1_45' title='bbox 882 1419 1013 1482; x_wconf 88' lang='lat' dir='ltr'><strong>operum</strong></span> <span class='ocrx_word' id='word_1_46' title='bbox 1033 1397 1244 1482; x_wconf 83' lang='lat' dir='ltr'><strong>fragmentum</strong></span> <span class='ocrx_word' id='word_1_47' title='bbox 1264 1396 1419 1460; x_wconf 79' lang='lat' dir='ltr'><strong>contineri</strong></span> <span class='ocrx_word' id='word_1_48' title='bbox 1442 1396 1475 1459; x_wconf 93' lang='lat' dir='ltr'><strong>in</strong></span> 
     </span>
     <span class='ocr_line' id='line_1_8' title="bbox 426 1497 1474 1583; baseline -0.003 -19"><span class='ocrx_word' id='word_1_49' title='bbox 426 1500 526 1564; x_wconf 85' lang='lat' dir='ltr'><strong>veteri</strong></span> <span class='ocrx_word' id='word_1_50' title='bbox 545 1499 668 1564; x_wconf 74' lang='lat' dir='ltr'><strong>(latens</strong></span> <span class='ocrx_word' id='word_1_51' title='bbox 689 1500 874 1564; x_wconf 78' lang='lat' dir='ltr'><strong>Graecorum</strong></span> <span class='ocrx_word' id='word_1_52' title='bbox 894 1500 1029 1563; x_wconf 88' lang='lat' dir='ltr'><strong>Patrum</strong></span> <span class='ocrx_word' id='word_1_53' title='bbox 1051 1498 1083 1562; x_wconf 91' lang='lat' dir='ltr'><strong>in</strong></span> <span class='ocrx_word' id='word_1_54' title='bbox 1100 1497 1306 1583; x_wconf 85' lang='lat' dir='ltr'><strong>Evangelium</strong></span> <span class='ocrx_word' id='word_1_55' title='bbox 1328 1497 1474 1576; x_wconf 83' lang='lat' dir='ltr'><strong>Joannis,</strong></span> 
     </span>
     <span class='ocr_line' id='line_1_9' title="bbox 428 1599 1475 1687; baseline -0.001 -22"><span class='ocrx_word' id='word_1_56' title='bbox 428 1624 499 1687; x_wconf 84' lang='lat' dir='ltr'><strong>quae</strong></span> <span class='ocrx_word' id='word_1_57' title='bbox 517 1602 655 1665; x_wconf 84' lang='lat' dir='ltr'><strong>habetur</strong></span> <span class='ocrx_word' id='word_1_58' title='bbox 673 1601 707 1665; x_wconf 93' lang='lat' dir='ltr'><strong>in</strong></span> <span class='ocrx_word' id='word_1_59' title='bbox 728 1602 847 1686; x_wconf 87' lang='lat' dir='ltr'><strong>scripto</strong></span> <span class='ocrx_word' id='word_1_60' title='bbox 862 1601 1016 1666; x_wconf 79' lang='lat' dir='ltr'><strong>(laesareae</strong></span> <span class='ocrx_word' id='word_1_61' title='bbox 1035 1600 1236 1665; x_wconf 87' lang='lat' dir='ltr'><strong>bibliothecae</strong></span> <span class='ocrx_word' id='word_1_62' title='bbox 1251 1600 1366 1677; x_wconf 87' lang='lat' dir='ltr'><strong>codiee,</strong></span> <span class='ocrx_word' id='word_1_63' title='bbox 1383 1599 1475 1664; x_wconf 91' lang='lat' dir='ltr'><strong>testis</strong></span> 
     </span>
     <span class='ocr_line' id='line_1_10' title="bbox 428 1701 1476 1769; baseline -0.004 0"><span class='ocrx_word' id='word_1_64' title='bbox 428 1714 479 1769; x_wconf 92' lang='lat' dir='ltr'><strong>est</strong></span> <span class='ocrx_word' id='word_1_65' title='bbox 497 1703 686 1767; x_wconf 87' lang='lat' dir='ltr'><strong>Lambeoius</strong></span> <span class='ocrx_word' id='word_1_66' title='bbox 700 1702 754 1766; x_wconf 90' lang='lat' dir='ltr'><strong>lib.</strong></span> <span class='ocrx_word' id='word_1_67' title='bbox 768 1702 810 1766; x_wconf 91' lang='lat' dir='ltr'><strong>iii.</strong></span> <span class='ocrx_word' id='word_1_68' title='bbox 827 1702 950 1767; x_wconf 85' lang='lat' dir='ltr'><strong>Comm.</strong></span> <span class='ocrx_word' id='word_1_69' title='bbox 968 1704 1008 1766; x_wconf 90' lang='lat' dir='ltr'><strong>de</strong></span> <span class='ocrx_word' id='word_1_70' title='bbox 1027 1702 1139 1766; x_wconf 86' lang='lat' dir='ltr'><strong>eadem</strong></span> <span class='ocrx_word' id='word_1_71' title='bbox 1159 1701 1351 1765; x_wconf 83' lang='lat' dir='ltr'><strong>bibliotheca</strong></span> <span class='ocrx_word' id='word_1_72' title='bbox 1368 1702 1476 1765; x_wconf 87' lang='lat' dir='ltr'><strong>codice</strong></span> 
     </span>
     <span class='ocr_line' id='line_1_11' title="bbox 429 1803 1475 1891; baseline -0.002 -22"><span class='ocrx_word' id='word_1_73' title='bbox 429 1830 478 1869; x_wconf 77' lang='lat' dir='ltr'><strong>xa.</strong></span> <span class='ocrx_word' id='word_1_74' title='bbox 503 1805 587 1891; x_wconf 93' lang='lat' dir='ltr'><strong>quod</strong></span> <span class='ocrx_word' id='word_1_75' title='bbox 609 1805 720 1890; x_wconf 91' lang='lat' dir='ltr'><strong>utique</strong></span> <span class='ocrx_word' id='word_1_76' title='bbox 742 1827 782 1869; x_wconf 86' lang='lat' dir='ltr'><strong>ex</strong></span> <span class='ocrx_word' id='word_1_77' title='bbox 806 1805 899 1889; x_wconf 90' lang='lat' dir='ltr'><strong>hujus</strong></span> <span class='ocrx_word' id='word_1_78' title='bbox 923 1804 1149 1889; x_wconf 88' lang='lat' dir='ltr'><strong>disputationis</strong></span> <span class='ocrx_word' id='word_1_79' title='bbox 1171 1804 1253 1867; x_wconf 87' lang='lat' dir='ltr'><strong>actis</strong></span> <span class='ocrx_word' id='word_1_80' title='bbox 1273 1803 1475 1885; x_wconf 91' lang='lat' dir='ltr'><strong>desumptum</strong></span> 
     </span>
     <span class='ocr_line' id='line_1_12' title="bbox 427 1905 1173 1992; baseline -0.001 -23"><span class='ocrx_word' id='word_1_81' title='bbox 427 1907 525 1971; x_wconf 82' lang='lat' dir='ltr'><strong>fuisse</strong></span> <span class='ocrx_word' id='word_1_82' title='bbox 540 1929 602 1970; x_wconf 93' lang='lat' dir='ltr'><strong>non</strong></span> <span class='ocrx_word' id='word_1_83' title='bbox 618 1907 739 1971; x_wconf 91' lang='lat' dir='ltr'><strong>dubito.</strong></span> <span class='ocrx_word' id='word_1_84' title='bbox 763 1908 849 1992; x_wconf 90' lang='lat' dir='ltr'><strong>[Vid.</strong></span> <span class='ocrx_word' id='word_1_85' title='bbox 867 1906 986 1969; x_wconf 80' lang='lat' dir='ltr'><strong>calcem</strong></span> <span class='ocrx_word' id='word_1_86' title='bbox 1001 1905 1173 1990; x_wconf 77' lang='lat' dir='ltr'><strong>Actorum]</strong></span> 
     </span>
    </p>

    <p class='ocr_par' dir='ltr' id='par_1_3' title="bbox 428 2007 1480 4739">
     <span class='ocr_line' id='line_1_13' title="bbox 474 2007 1477 2092; baseline -0.001 -20"><span class='ocrx_word' id='word_1_87' title='bbox 474 2012 635 2072; x_wconf 87' lang='lat' dir='ltr'><strong>Praeterea</strong></span> <span class='ocrx_word' id='word_1_88' title='bbox 653 2031 691 2072; x_wconf 87' lang='lat' dir='ltr'><strong>ex</strong></span> <span class='ocrx_word' id='word_1_89' title='bbox 707 2009 878 2072; x_wconf 88' lang='lat' dir='ltr'><strong>eorundem</strong></span> <span class='ocrx_word' id='word_1_90' title='bbox 897 2008 1055 2070; x_wconf 89' lang='lat' dir='ltr'><strong>Actorum</strong></span> <span class='ocrx_word' id='word_1_91' title='bbox 1070 2014 1163 2071; x_wconf 87' lang='lat' dir='ltr'><strong>textu</strong></span> <span class='ocrx_word' id='word_1_92' title='bbox 1181 2007 1268 2072; x_wconf 87' lang='lat' dir='ltr'><strong>varia</strong></span> <span class='ocrx_word' id='word_1_93' title='bbox 1287 2014 1477 2092; x_wconf 84' lang='lat' dir='ltr'><strong>argumenta</strong></span> 
     </span>
     <span class='ocr_line' id='line_1_14' title="bbox 428 2109 1476 2195; baseline -0.003 -19"><span class='ocrx_word' id='word_1_94' title='bbox 428 2112 497 2176; x_wconf 90' lang='lat' dir='ltr'><strong>erui</strong></span> <span class='ocrx_word' id='word_1_95' title='bbox 514 2119 659 2195; x_wconf 88' lang='lat' dir='ltr'><strong>possunt,</strong></span> <span class='ocrx_word' id='word_1_96' title='bbox 675 2111 788 2194; x_wconf 88' lang='lat' dir='ltr'><strong>quibus</strong></span> <span class='ocrx_word' id='word_1_97' title='bbox 803 2131 912 2174; x_wconf 90' lang='lat' dir='ltr'><strong>eorum</strong></span> <span class='ocrx_word' id='word_1_98' title='bbox 926 2109 1104 2193; x_wconf 82' lang='lat' dir='ltr'><strong>antiquitas</strong></span> <span class='ocrx_word' id='word_1_99' title='bbox 1122 2117 1219 2193; x_wconf 89' lang='lat' dir='ltr'><strong>atque</strong></span> <span class='ocrx_word' id='word_1_100' title='bbox 1234 2111 1408 2194; x_wconf 86' lang='lat' dir='ltr'><strong>synceritas</strong></span> <span class='ocrx_word' id='word_1_101' title='bbox 1422 2112 1476 2173; x_wconf 86' lang='lat' dir='ltr'><strong>de·</strong></span> 
     </span>
     <span class='ocr_line' id='line_1_15' title="bbox 428 2212 1477 2296; baseline 0 -20"><span class='ocrx_word' id='word_1_102' title='bbox 428 2220 636 2277; x_wconf 89' lang='lat' dir='ltr'><strong>monstratur.</strong></span> <span class='ocrx_word' id='word_1_103' title='bbox 653 2212 830 2276; x_wconf 85' lang='lat' dir='ltr'><strong>Archelaus</strong></span> <span class='ocrx_word' id='word_1_104' title='bbox 839 2212 924 2276; x_wconf 83' lang='lat' dir='ltr'><strong>enim</strong></span> <span class='ocrx_word' id='word_1_105' title='bbox 935 2234 1003 2296; x_wconf 90' lang='lat' dir='ltr'><strong>cap.</strong></span> <span class='ocrx_word' id='word_1_106' title='bbox 1014 2212 1285 2277; x_wconf 83' lang='lat' dir='ltr'><strong>xxviietxxxviii.</strong></span> <span class='ocrx_word' id='word_1_107' title='bbox 1300 2213 1477 2277; x_wconf 80' lang='lat' dir='ltr'><strong>varioshae-</strong></span> 
     </span>
     <span class='ocr_line' id='line_1_16' title="bbox 429 2313 1474 2400; baseline 0 -21"><span class='ocrx_word' id='word_1_108' title='bbox 429 2316 547 2379; x_wconf 88' lang='lat' dir='ltr'><strong>reticos</strong></span> <span class='ocrx_word' id='word_1_109' title='bbox 564 2335 761 2391; x_wconf 87' lang='lat' dir='ltr'><strong>enumerans,</strong></span> <span class='ocrx_word' id='word_1_110' title='bbox 778 2314 934 2377; x_wconf 83' lang='lat' dir='ltr'><strong>neminem</strong></span> <span class='ocrx_word' id='word_1_111' title='bbox 951 2313 1089 2378; x_wconf 92' lang='lat' dir='ltr'><strong>Sabellio</strong></span> <span class='ocrx_word' id='word_1_112' title='bbox 1104 2315 1309 2381; x_wconf 85' lang='lat' dir='ltr'><strong>recentiorem</strong></span> <span class='ocrx_word' id='word_1_113' title='bbox 1325 2315 1474 2400; x_wconf 84' lang='lat' dir='ltr'><strong>appellat,</strong></span> 
     </span>
     <span class='ocr_line' id='line_1_17' title="bbox 429 2415 1474 2503; baseline -0.001 -22"><span class='ocrx_word' id='word_1_114' title='bbox 429 2438 523 2503; x_wconf 90' lang='lat' dir='ltr'><strong>quem</strong></span> <span class='ocrx_word' id='word_1_115' title='bbox 535 2416 618 2479; x_wconf 83' lang='lat' dir='ltr'><strong>Sixti</strong></span> <span class='ocrx_word' id='word_1_116' title='bbox 631 2415 674 2478; x_wconf 91' lang='grc' dir='ltr'><strong>ΙΙ.</strong></span> <span class='ocrx_word' id='word_1_117' title='bbox 687 2416 893 2500; x_wconf 87' lang='lat' dir='ltr'><strong>temporibus,</strong></span> <span class='ocrx_word' id='word_1_118' title='bbox 903 2415 956 2500; x_wconf 91' lang='lat' dir='ltr'><strong>qui</strong></span> <span class='ocrx_word' id='word_1_119' title='bbox 966 2438 1050 2479; x_wconf 90' lang='lat' dir='ltr'><strong>anno</strong></span> <span class='ocrx_word' id='word_1_120' title='bbox 1062 2416 1180 2481; x_wconf 75' lang='lat' dir='ltr'><strong>Christi</strong></span> <span class='ocrx_word' id='word_1_121' title='bbox 1193 2441 1299 2481; x_wconf 84' lang='lat' dir='ltr'><strong>oonvn.</strong></span> <span class='ocrx_word' id='word_1_122' title='bbox 1310 2425 1343 2482; x_wconf 90' lang='lat' dir='ltr'><strong>et</strong></span> <span class='ocrx_word' id='word_1_123' title='bbox 1357 2440 1474 2480; x_wconf 81' lang='lat' dir='ltr'><strong>ocnvm.</strong></span> 
     </span>
     <span class='ocr_line' id='line_1_18' title="bbox 429 2517 1476 2604; baseline 0.001 -21"><span class='ocrx_word' id='word_1_124' title='bbox 429 2520 608 2583; x_wconf 83' lang='lat' dir='ltr'><strong>Romanam</strong></span> <span class='ocrx_word' id='word_1_125' title='bbox 630 2517 795 2582; x_wconf 87' lang='lat' dir='ltr'><strong>ecclesiam</strong></span> <span class='ocrx_word' id='word_1_126' title='bbox 817 2518 910 2595; x_wconf 88' lang='lat' dir='ltr'><strong>rexit,</strong></span> <span class='ocrx_word' id='word_1_127' title='bbox 925 2540 946 2581; x_wconf 91' lang='lat' dir='ltr'><strong>a</strong></span> <span class='ocrx_word' id='word_1_128' title='bbox 967 2518 1123 2604; x_wconf 91' lang='lat' dir='ltr'><strong>Dionysio</strong></span> <span class='ocrx_word' id='word_1_129' title='bbox 1139 2521 1357 2584; x_wconf 84' lang='lat' dir='ltr'><strong>Alexandrino</strong></span> <span class='ocrx_word' id='word_1_130' title='bbox 1377 2521 1476 2585; x_wconf 85' lang='lat' dir='ltr'><strong>haere·</strong></span> 
     </span>
     <span class='ocr_line' id='line_1_19' title="bbox 430 2620 1476 2687; baseline 0.002 -2"><span class='ocrx_word' id='word_1_131' title='bbox 430 2643 502 2685; x_wconf 90' lang='lat' dir='ltr'><strong>seos</strong></span> <span class='ocrx_word' id='word_1_132' title='bbox 531 2628 714 2685; x_wconf 85' lang='lat' dir='ltr'><strong>accusatum</strong></span> <span class='ocrx_word' id='word_1_133' title='bbox 744 2620 841 2684; x_wconf 83' lang='lat' dir='ltr'><strong>fuisse</strong></span> <span class='ocrx_word' id='word_1_134' title='bbox 871 2627 999 2684; x_wconf 84' lang='lat' dir='ltr'><strong>constat</strong></span> <span class='ocrx_word' id='word_1_135' title='bbox 1029 2643 1068 2683; x_wconf 84' lang='lat' dir='ltr'><strong>ex</strong></span> <span class='ocrx_word' id='word_1_136' title='bbox 1103 2622 1241 2686; x_wconf 84' lang='lat' dir='ltr'><strong>Eusebio</strong></span> <span class='ocrx_word' id='word_1_137' title='bbox 1266 2623 1298 2685; x_wconf 91' lang='lat' dir='ltr'><strong>in</strong></span> <span class='ocrx_word' id='word_1_138' title='bbox 1328 2623 1476 2687; x_wconf 84' lang='lat' dir='ltr'><strong>Historia</strong></span> 
     </span>
     <span class='ocr_line' id='line_1_20' title="bbox 431 2721 1477 2807; baseline 0.003 -22"><span class='ocrx_word' id='word_1_139' title='bbox 431 2722 656 2786; x_wconf 78' lang='lat' dir='ltr'><strong>Ecclesiastico</strong></span> <span class='ocrx_word' id='word_1_140' title='bbox 686 2721 758 2784; x_wconf 89' lang='lat' dir='ltr'><strong>libri</strong></span> <span class='ocrx_word' id='word_1_141' title='bbox 793 2721 920 2807; x_wconf 88' lang='lat' dir='ltr'><strong>septimi</strong></span> <span class='ocrx_word' id='word_1_142' title='bbox 951 2722 1057 2807; x_wconf 87' lang='lat' dir='ltr'><strong>capite</strong></span> <span class='ocrx_word' id='word_1_143' title='bbox 1081 2724 1111 2785; x_wconf 91' lang='lat'><strong>6.</strong></span> <span class='ocrx_word' id='word_1_144' title='bbox 1168 2723 1317 2787; x_wconf 88' lang='lat' dir='ltr'><strong>Meminit</strong></span> <span class='ocrx_word' id='word_1_145' title='bbox 1352 2746 1477 2807; x_wconf 91' lang='lat' dir='ltr'><strong>quoque</strong></span> 
     </span>
     <span class='ocr_line' id='line_1_21' title="bbox 429 2822 1477 2908; baseline 0.001 -22"><span class='ocrx_word' id='word_1_146' title='bbox 429 2823 603 2887; x_wconf 84' lang='lat' dir='ltr'><strong>obsidionis</strong></span> <span class='ocrx_word' id='word_1_147' title='bbox 634 2822 819 2900; x_wconf 80' lang='lat' dir='ltr'><strong>Camarum,</strong></span> <span class='ocrx_word' id='word_1_148' title='bbox 848 2823 898 2887; x_wconf 87' lang='lat' dir='ltr'><strong>oui</strong></span> <span class='ocrx_word' id='word_1_149' title='bbox 927 2833 1116 2908; x_wconf 83' lang='lat' dir='ltr'><strong>praesentem</strong></span> <span class='ocrx_word' id='word_1_150' title='bbox 1148 2846 1182 2888; x_wconf 91' lang='lat' dir='ltr'><strong>se</strong></span> <span class='ocrx_word' id='word_1_151' title='bbox 1211 2825 1307 2888; x_wconf 82' lang='lat' dir='ltr'><strong>luisse</strong></span> <span class='ocrx_word' id='word_1_152' title='bbox 1336 2832 1477 2890; x_wconf 82' lang='lat' dir='ltr'><strong>testatur</strong></span> 
     </span>
     <span class='ocr_line' id='line_1_22' title="bbox 431 2925 1476 3011; baseline 0.004 -24"><span class='ocrx_word' id='word_1_153' title='bbox 431 2947 499 3010; x_wconf 87' lang='lat' dir='ltr'><strong>cap.</strong></span> <span class='ocrx_word' id='word_1_154' title='bbox 516 2926 599 2989; x_wconf 84' lang='lat' dir='ltr'><strong>xxiv.</strong></span> <span class='ocrx_word' id='word_1_155' title='bbox 617 2948 687 3009; x_wconf 86' lang='lat' dir='ltr'><strong>quae</strong></span> <span class='ocrx_word' id='word_1_156' title='bbox 703 2925 789 2989; x_wconf 87' lang='lat' dir='ltr'><strong>nulla</strong></span> <span class='ocrx_word' id='word_1_157' title='bbox 803 2926 866 2990; x_wconf 91' lang='lat' dir='ltr'><strong>alia</strong></span> <span class='ocrx_word' id='word_1_158' title='bbox 881 2926 1089 2990; x_wconf 85' lang='lat' dir='ltr'><strong>videturesse</strong></span> <span class='ocrx_word' id='word_1_159' title='bbox 1104 2948 1207 3009; x_wconf 89' lang='lat' dir='ltr'><strong>posse,</strong></span> <span class='ocrx_word' id='word_1_160' title='bbox 1220 2948 1314 3010; x_wconf 92' lang='lat' dir='ltr'><strong>quam</strong></span> <span class='ocrx_word' id='word_1_161' title='bbox 1330 2925 1392 3001; x_wconf 90' lang='lat' dir='ltr'><strong>illa,</strong></span> <span class='ocrx_word' id='word_1_162' title='bbox 1406 2949 1476 3011; x_wconf 88' lang='lat' dir='ltr'><strong>quae</strong></span> 
     </span>
     <span class='ocr_line' id='line_1_23' title="bbox 431 3026 1476 3113; baseline 0.002 -22"><span class='ocrx_word' id='word_1_163' title='bbox 431 3027 489 3091; x_wconf 92' lang='lat' dir='ltr'><strong>sub</strong></span> <span class='ocrx_word' id='word_1_164' title='bbox 510 3026 678 3091; x_wconf 86' lang='lat' dir='ltr'><strong>Valeriano</strong></span> <span class='ocrx_word' id='word_1_165' title='bbox 700 3028 849 3113; x_wconf 87' lang='lat' dir='ltr'><strong>Augusto</strong></span> <span class='ocrx_word' id='word_1_166' title='bbox 869 3028 1016 3112; x_wconf 86' lang='lat' dir='ltr'><strong>contigit,</strong></span> <span class='ocrx_word' id='word_1_167' title='bbox 1032 3051 1104 3092; x_wconf 88' lang='lat' dir='ltr'><strong>cum</strong></span> <span class='ocrx_word' id='word_1_168' title='bbox 1124 3029 1277 3094; x_wconf 89' lang='lat' dir='ltr'><strong>sciliceta</strong></span> <span class='ocrx_word' id='word_1_169' title='bbox 1294 3029 1400 3093; x_wconf 86' lang='lat' dir='ltr'><strong>Persis</strong></span> <span class='ocrx_word' id='word_1_170' title='bbox 1421 3052 1476 3093; x_wconf 84' lang='lat' dir='ltr'><strong>ex·</strong></span> 
     </span>
     <span class='ocr_line' id='line_1_24' title="bbox 431 3130 1477 3215; baseline 0.004 -22"><span class='ocrx_word' id='word_1_171' title='bbox 431 3138 574 3215; x_wconf 85' lang='lat' dir='ltr'><strong>pugnata</strong></span> <span class='ocrx_word' id='word_1_172' title='bbox 598 3130 680 3205; x_wconf 75' lang='lat' dir='ltr'><strong>suit3</strong></span> <span class='ocrx_word' id='word_1_173' title='bbox 712 3131 759 3194; x_wconf 91' lang='lat' dir='ltr'><strong>vel</strong></span> <span class='ocrx_word' id='word_1_174' title='bbox 785 3131 848 3195; x_wconf 91' lang='lat' dir='ltr'><strong>alia</strong></span> <span class='ocrx_word' id='word_1_175' title='bbox 873 3131 933 3193; x_wconf 91' lang='lat' dir='ltr'><strong>sub</strong></span> <span class='ocrx_word' id='word_1_176' title='bbox 959 3131 1115 3208; x_wconf 85' lang='lat' dir='ltr'><strong>Gallieno,</strong></span> <span class='ocrx_word' id='word_1_177' title='bbox 1143 3154 1214 3195; x_wconf 91' lang='lat' dir='ltr'><strong>cum</strong></span> <span class='ocrx_word' id='word_1_178' title='bbox 1240 3133 1282 3196; x_wconf 93' lang='lat' dir='ltr'><strong>ab</strong></span> <span class='ocrx_word' id='word_1_179' title='bbox 1307 3133 1477 3197; x_wconf 87' lang='lat' dir='ltr'><strong>Odenatho</strong></span> 
     </span>
     <span class='ocr_line' id='line_1_25' title="bbox 431 3232 1477 3319; baseline 0.003 -24"><span class='ocrx_word' id='word_1_180' title='bbox 431 3232 572 3297; x_wconf 85' lang='lat' dir='ltr'><strong>Orientis</strong></span> <span class='ocrx_word' id='word_1_181' title='bbox 593 3254 668 3316; x_wconf 86' lang='lat' dir='ltr'><strong>rege</strong></span> <span class='ocrx_word' id='word_1_182' title='bbox 692 3233 798 3296; x_wconf 88' lang='lat' dir='ltr'><strong>Persis</strong></span> <span class='ocrx_word' id='word_1_183' title='bbox 820 3239 931 3317; x_wconf 88' lang='lat' dir='ltr'><strong>erepta</strong></span> <span class='ocrx_word' id='word_1_184' title='bbox 955 3233 987 3296; x_wconf 90' lang='lat' dir='ltr'><strong>in</strong></span> <span class='ocrx_word' id='word_1_185' title='bbox 1014 3234 1149 3297; x_wconf 89' lang='lat' dir='ltr'><strong>Romani</strong></span> <span class='ocrx_word' id='word_1_186' title='bbox 1174 3235 1297 3319; x_wconf 84' lang='lat' dir='ltr'><strong>imperii</strong></span> <span class='ocrx_word' id='word_1_187' title='bbox 1324 3235 1477 3299; x_wconf 91' lang='lat' dir='ltr'><strong>ditionem</strong></span> 
     </span>
     <span class='ocr_line' id='line_1_26' title="bbox 431 3333 1478 3409; baseline 0.004 -13"><span class='ocrx_word' id='word_1_188' title='bbox 431 3333 546 3397; x_wconf 86' lang='lat' dir='ltr'><strong>iterum</strong></span> <span class='ocrx_word' id='word_1_189' title='bbox 568 3335 699 3397; x_wconf 88' lang='lat' dir='ltr'><strong>redacta</strong></span> <span class='ocrx_word' id='word_1_190' title='bbox 722 3333 793 3409; x_wconf 83' lang='lat' dir='ltr'><strong>fuit,</strong></span> <span class='ocrx_word' id='word_1_191' title='bbox 815 3334 972 3398; x_wconf 80' lang='lat' dir='ltr'><strong>Trebellio</strong></span> <span class='ocrx_word' id='word_1_192' title='bbox 996 3336 1138 3399; x_wconf 89' lang='lat' dir='ltr'><strong>Pollione</strong></span> <span class='ocrx_word' id='word_1_193' title='bbox 1164 3343 1247 3400; x_wconf 89' lang='lat' dir='ltr'><strong>teste</strong></span> <span class='ocrx_word' id='word_1_194' title='bbox 1273 3336 1306 3399; x_wconf 91' lang='lat' dir='ltr'><strong>in</strong></span> <span class='ocrx_word' id='word_1_195' title='bbox 1333 3337 1478 3401; x_wconf 83' lang='lat' dir='ltr'><strong>Gallieno</strong></span> 
     </span>
     <span class='ocr_line' id='line_1_27' title="bbox 431 3436 1476 3523; baseline 0.002 -23"><span class='ocrx_word' id='word_1_196' title='bbox 431 3458 501 3520; x_wconf 89' lang='lat' dir='ltr'><strong>oap.</strong></span> <span class='ocrx_word' id='word_1_197' title='bbox 518 3459 549 3500; x_wconf 88' lang='lat' dir='ltr'><strong>x.</strong></span> <span class='ocrx_word' id='word_1_198' title='bbox 572 3445 605 3500; x_wconf 88' lang='lat' dir='ltr'><strong>et</strong></span> <span class='ocrx_word' id='word_1_199' title='bbox 628 3436 681 3500; x_wconf 84' lang='lat' dir='ltr'><strong>xii.</strong></span> <span class='ocrx_word' id='word_1_200' title='bbox 731 3436 851 3500; x_wconf 91' lang='lat' dir='ltr'><strong>Eorum</strong></span> <span class='ocrx_word' id='word_1_201' title='bbox 875 3437 1005 3522; x_wconf 90' lang='lat' dir='ltr'><strong>insuper</strong></span> <span class='ocrx_word' id='word_1_202' title='bbox 1030 3440 1221 3503; x_wconf 89' lang='lat' dir='ltr'><strong>mentionem</strong></span> <span class='ocrx_word' id='word_1_203' title='bbox 1247 3439 1324 3503; x_wconf 83' lang='lat' dir='ltr'><strong>facit</strong></span> <span class='ocrx_word' id='word_1_204' title='bbox 1351 3461 1419 3523; x_wconf 91' lang='lat' dir='ltr'><strong>oap.</strong></span> <span class='ocrx_word' id='word_1_205' title='bbox 1434 3438 1476 3502; x_wconf 89' lang='lat' dir='ltr'><strong>lii.</strong></span> 
     </span>
     <span class='ocr_line' id='line_1_28' title="bbox 432 3538 1479 3626; baseline 0.005 -27"><span class='ocrx_word' id='word_1_206' title='bbox 432 3538 486 3621; x_wconf 93' lang='lat' dir='ltr'><strong>qui</strong></span> <span class='ocrx_word' id='word_1_207' title='bbox 506 3560 564 3622; x_wconf 89' lang='lat' dir='ltr'><strong>per</strong></span> <span class='ocrx_word' id='word_1_208' title='bbox 582 3546 751 3624; x_wconf 90' lang='lat' dir='ltr'><strong>parentum</strong></span> <span class='ocrx_word' id='word_1_209' title='bbox 767 3540 971 3603; x_wconf 89' lang='lat' dir='ltr'><strong>traditionem</strong></span> <span class='ocrx_word' id='word_1_210' title='bbox 992 3541 1157 3626; x_wconf 89' lang='lat' dir='ltr'><strong>Scythiani</strong></span> <span class='ocrx_word' id='word_1_211' title='bbox 1176 3541 1317 3605; x_wconf 87' lang='lat' dir='ltr'><strong>haeretici</strong></span> <span class='ocrx_word' id='word_1_212' title='bbox 1336 3545 1479 3626; x_wconf 90' lang='lat' dir='ltr'><strong>Aposto-</strong></span> 
     </span>
     <span class='ocr_line' id='line_1_29' title="bbox 432 3638 1478 3726; baseline 0.004 -25"><span class='ocrx_word' id='word_1_213' title='bbox 432 3638 534 3702; x_wconf 90' lang='lat' dir='ltr'><strong>lorum</strong></span> <span class='ocrx_word' id='word_1_214' title='bbox 546 3641 743 3726; x_wconf 88' lang='lat' dir='ltr'><strong>temporibus</strong></span> <span class='ocrx_word' id='word_1_215' title='bbox 755 3641 887 3705; x_wconf 89' lang='lat' dir='ltr'><strong>viventis</strong></span> <span class='ocrx_word' id='word_1_216' title='bbox 903 3642 1051 3706; x_wconf 88' lang='lat' dir='ltr'><strong>notitiam</strong></span> <span class='ocrx_word' id='word_1_217' title='bbox 1066 3643 1254 3720; x_wconf 89' lang='lat' dir='ltr'><strong>habuerant,</strong></span> <span class='ocrx_word' id='word_1_218' title='bbox 1266 3643 1387 3726; x_wconf 89' lang='lat' dir='ltr'><strong>sibique</strong></span> <span class='ocrx_word' id='word_1_219' title='bbox 1402 3664 1478 3706; x_wconf 93' lang='lat' dir='ltr'><strong>non·</strong></span> 
     </span>
     <span class='ocr_line' id='line_1_30' title="bbox 433 3740 1479 3829; baseline 0.005 -26"><span class='ocrx_word' id='word_1_220' title='bbox 433 3740 519 3804; x_wconf 92' lang='lat' dir='ltr'><strong>nulla</strong></span> <span class='ocrx_word' id='word_1_221' title='bbox 538 3743 577 3804; x_wconf 88' lang='lat' dir='ltr'><strong>de</strong></span> <span class='ocrx_word' id='word_1_222' title='bbox 600 3743 668 3826; x_wconf 92' lang='lat' dir='ltr'><strong>ejus</strong></span> <span class='ocrx_word' id='word_1_223' title='bbox 690 3743 801 3806; x_wconf 84' lang='lat' dir='ltr'><strong>haeresi</strong></span> <span class='ocrx_word' id='word_1_224' title='bbox 824 3752 1042 3809; x_wconf 89' lang='lat' dir='ltr'><strong>narraverant.</strong></span> <span class='ocrx_word' id='word_1_225' title='bbox 1087 3745 1170 3826; x_wconf 74' lang='lat' dir='ltr'><strong>Quin</strong></span> <span class='ocrx_word' id='word_1_226' title='bbox 1196 3752 1229 3809; x_wconf 92' lang='lat' dir='ltr'><strong>et</strong></span> <span class='ocrx_word' id='word_1_227' title='bbox 1251 3744 1329 3808; x_wconf 83' lang='lat' dir='ltr'><strong>varii</strong></span> <span class='ocrx_word' id='word_1_228' title='bbox 1355 3744 1479 3829; x_wconf 88' lang='lat' dir='ltr'><strong>antiqui</strong></span> 
     </span>
     <span class='ocr_line' id='line_1_31' title="bbox 434 3842 1479 3930; baseline 0.007 -27"><span class='ocrx_word' id='word_1_229' title='bbox 434 3862 548 3916; x_wconf 87' lang='lat' dir='ltr'><strong>mores,</strong></span> <span class='ocrx_word' id='word_1_230' title='bbox 567 3842 599 3905; x_wconf 93' lang='lat' dir='ltr'><strong>in</strong></span> <span class='ocrx_word' id='word_1_231' title='bbox 619 3843 705 3907; x_wconf 85' lang='lat' dir='ltr'><strong>hisce</strong></span> <span class='ocrx_word' id='word_1_232' title='bbox 726 3843 821 3908; x_wconf 82' lang='lat' dir='ltr'><strong>Actis</strong></span> <span class='ocrx_word' id='word_1_233' title='bbox 835 3845 1014 3922; x_wconf 90' lang='lat' dir='ltr'><strong>memorati,</strong></span> <span class='ocrx_word' id='word_1_234' title='bbox 1031 3847 1070 3909; x_wconf 85' lang='lat' dir='ltr'><strong>de</strong></span> <span class='ocrx_word' id='word_1_235' title='bbox 1089 3847 1271 3910; x_wconf 82' lang='lat' dir='ltr'><strong>eorumdem</strong></span> <span class='ocrx_word' id='word_1_236' title='bbox 1287 3845 1479 3930; x_wconf 85' lang='lat' dir='ltr'><strong>synceritate</strong></span> 
     </span>
     <span class='ocr_line' id='line_1_32' title="bbox 433 3944 1480 4032; baseline 0.007 -28"><span class='ocrx_word' id='word_1_237' title='bbox 433 3965 490 4006; x_wconf 92' lang='lat' dir='ltr'><strong>nos</strong></span> <span class='ocrx_word' id='word_1_238' title='bbox 505 3944 653 4008; x_wconf 90' lang='lat' dir='ltr'><strong>dubitare</strong></span> <span class='ocrx_word' id='word_1_239' title='bbox 672 3968 734 4008; x_wconf 88' lang='lat' dir='ltr'><strong>non</strong></span> <span class='ocrx_word' id='word_1_240' title='bbox 758 3946 875 4009; x_wconf 88' lang='lat' dir='ltr'><strong>sinunt.</strong></span> <span class='ocrx_word' id='word_1_241' title='bbox 921 3946 1010 4010; x_wconf 90' lang='lat' dir='ltr'><strong>Nam</strong></span> <span class='ocrx_word' id='word_1_242' title='bbox 1030 3948 1061 4010; x_wconf 90' lang='lat' dir='ltr'><strong>in</strong></span> <span class='ocrx_word' id='word_1_243' title='bbox 1082 3948 1151 4032; x_wconf 90' lang='lat' dir='ltr'><strong>ipso</strong></span> <span class='ocrx_word' id='word_1_244' title='bbox 1172 3950 1328 4012; x_wconf 79' lang='lat' dir='ltr'><strong>Actorum</strong></span> <span class='ocrx_word' id='word_1_245' title='bbox 1348 3948 1480 4011; x_wconf 84' lang='lat' dir='ltr'><strong>exordio</strong></span> 
     </span>
     <span class='ocr_line' id='line_1_33' title="bbox 434 4044 1479 4132; baseline 0.004 -25"><span class='ocrx_word' id='word_1_246' title='bbox 434 4044 550 4109; x_wconf 87' lang='lat' dir='ltr'><strong>dicitur</strong></span> <span class='ocrx_word' id='word_1_247' title='bbox 565 4047 730 4110; x_wconf 91' lang='lat' dir='ltr'><strong>nonnullos</strong></span> <span class='ocrx_word' id='word_1_248' title='bbox 746 4070 784 4111; x_wconf 87' lang='lat' dir='ltr'><strong>ex</strong></span> <span class='ocrx_word' id='word_1_249' title='bbox 801 4048 1018 4112; x_wconf 89' lang='lat' dir='ltr'><strong>Romanarum</strong></span> <span class='ocrx_word' id='word_1_250' title='bbox 1032 4048 1192 4132; x_wconf 82' lang='lat' dir='ltr'><strong>legionum</strong></span> <span class='ocrx_word' id='word_1_251' title='bbox 1211 4049 1373 4125; x_wconf 90' lang='lat' dir='ltr'><strong>militibus,</strong></span> <span class='ocrx_word' id='word_1_252' title='bbox 1392 4050 1479 4113; x_wconf 87' lang='lat' dir='ltr'><strong>Mar-</strong></span> 
     </span>
     <span class='ocr_line' id='line_1_34' title="bbox 433 4143 1479 4237; baseline 0.003 -27"><span class='ocrx_word' id='word_1_253' title='bbox 433 4146 501 4210; x_wconf 88' lang='lat' dir='ltr'><strong>celli</strong></span> <span class='ocrx_word' id='word_1_254' title='bbox 518 4147 740 4212; x_wconf 73' lang='lat' dir='ltr'><strong>misericordiae</strong></span> <span class='ocrx_word' id='word_1_255' title='bbox 755 4149 900 4233; x_wconf 86' lang='lat' dir='ltr'><strong>exemplo</strong></span> <span class='ocrx_word' id='word_1_256' title='bbox 915 4143 1103 4228; x_wconf 86' lang='lat' dir='ltr'><strong>commotos,</strong></span> <span class='ocrx_word' id='word_1_257' title='bbox 1119 4150 1263 4237; x_wconf 88' lang='lat' dir='ltr'><strong>deposito</strong></span> <span class='ocrx_word' id='word_1_258' title='bbox 1280 4150 1400 4214; x_wconf 82' lang='lat' dir='ltr'><strong>militiae</strong></span> <span class='ocrx_word' id='word_1_259' title='bbox 1416 4150 1479 4213; x_wconf 93' lang='lat' dir='ltr'><strong>cin-</strong></span> 
     </span>
     <span class='ocr_line' id='line_1_35' title="bbox 432 4248 1480 4337; baseline 0.004 -26"><span class='ocrx_word' id='word_1_260' title='bbox 432 4248 517 4332; x_wconf 84' lang='lat' dir='ltr'><strong>gulo,</strong></span> <span class='ocrx_word' id='word_1_261' title='bbox 541 4248 729 4313; x_wconf 70' lang='lat' dir='ltr'><strong>Christiana</strong></span> <span class='ocrx_word' id='word_1_262' title='bbox 752 4251 825 4314; x_wconf 84' lang='lat' dir='ltr'><strong>fidei</strong></span> <span class='ocrx_word' id='word_1_263' title='bbox 847 4273 962 4315; x_wconf 89' lang='lat' dir='ltr'><strong>nomen</strong></span> <span class='ocrx_word' id='word_1_264' title='bbox 986 4252 1120 4329; x_wconf 87' lang='lat' dir='ltr'><strong>dedisse,</strong></span> <span class='ocrx_word' id='word_1_265' title='bbox 1144 4253 1228 4337; x_wconf 93' lang='lat' dir='ltr'><strong>quod</strong></span> <span class='ocrx_word' id='word_1_266' title='bbox 1252 4252 1480 4337; x_wconf 89' lang='lat' dir='ltr'><strong>antiquissimis</strong></span> 
     </span>
     <span class='ocr_line' id='line_1_36' title="bbox 433 4347 1480 4437; baseline 0.001 -27"><span class='ocrx_word' id='word_1_267' title='bbox 433 4347 572 4411; x_wconf 82' lang='lat' dir='ltr'><strong>ecclesiae</strong></span> <span class='ocrx_word' id='word_1_268' title='bbox 587 4351 784 4434; x_wconf 88' lang='lat' dir='ltr'><strong>temporibus</strong></span> <span class='ocrx_word' id='word_1_269' title='bbox 798 4373 819 4415; x_wconf 92' lang='lat' dir='ltr'><strong>a</strong></span> <span class='ocrx_word' id='word_1_270' title='bbox 833 4350 1023 4416; x_wconf 74' lang='lat' dir='ltr'><strong>Christianis</strong></span> <span class='ocrx_word' id='word_1_271' title='bbox 1036 4352 1200 4430; x_wconf 89' lang='lat' dir='ltr'><strong>militibus,</strong></span> <span class='ocrx_word' id='word_1_272' title='bbox 1216 4374 1256 4415; x_wconf 90' lang='lat' dir='ltr'><strong>ne</strong></span> <span class='ocrx_word' id='word_1_273' title='bbox 1277 4353 1480 4437; x_wconf 85' lang='lat' dir='ltr'><strong>Paganornm</strong></span> 
     </span>
     <span class='ocr_line' id='line_1_37' title="bbox 433 4450 1478 4535; baseline 0.002 -25"><span class='ocrx_word' id='word_1_274' title='bbox 433 4450 632 4526; x_wconf 86' lang='lat' dir='ltr'><strong>commercio,</strong></span> <span class='ocrx_word' id='word_1_275' title='bbox 644 4457 677 4514; x_wconf 94' lang='lat' dir='ltr'><strong>et</strong></span> <span class='ocrx_word' id='word_1_276' title='bbox 692 4452 971 4535; x_wconf 88' lang='lat' dir='ltr'><strong>superstitionibus</strong></span> <span class='ocrx_word' id='word_1_277' title='bbox 986 4455 1231 4533; x_wconf 86' lang='lat' dir='ltr'><strong>macularentur,</strong></span> <span class='ocrx_word' id='word_1_278' title='bbox 1243 4454 1362 4517; x_wconf 86' lang='lat' dir='ltr'><strong>sactum</strong></span> <span class='ocrx_word' id='word_1_279' title='bbox 1373 4451 1478 4525; x_wconf 82' lang='lat' dir='ltr'><strong>fuisse,</strong></span> 
     </span>
     <span class='ocr_line' id='line_1_38' title="bbox 434 4552 1479 4641; baseline 0 -27"><span class='ocrx_word' id='word_1_280' title='bbox 434 4552 526 4616; x_wconf 87' lang='lat' dir='ltr'><strong>testis</strong></span> <span class='ocrx_word' id='word_1_281' title='bbox 541 4563 588 4616; x_wconf 88' lang='lat' dir='ltr'><strong>est</strong></span> <span class='ocrx_word' id='word_1_282' title='bbox 611 4553 824 4618; x_wconf 86' lang='lat' dir='ltr'><strong>Tertullianus</strong></span> <span class='ocrx_word' id='word_1_283' title='bbox 840 4556 879 4619; x_wconf 92' lang='lat' dir='ltr'><strong>de</strong></span> <span class='ocrx_word' id='word_1_284' title='bbox 900 4555 1026 4620; x_wconf 82' lang='lat' dir='ltr'><strong>(lerona</strong></span> <span class='ocrx_word' id='word_1_285' title='bbox 1045 4557 1155 4621; x_wconf 89' lang='lat' dir='ltr'><strong>militis</strong></span> <span class='ocrx_word' id='word_1_286' title='bbox 1169 4579 1237 4641; x_wconf 89' lang='lat' dir='ltr'><strong>oap.</strong></span> <span class='ocrx_word' id='word_1_287' title='bbox 1251 4555 1293 4617; x_wconf 87' lang='lat' dir='ltr'><strong>xi.</strong></span> <span class='ocrx_word' id='word_1_288' title='bbox 1314 4552 1430 4636; x_wconf 85' lang='lat' dir='ltr'><strong>aliique</strong></span> <span class='ocrx_word' id='word_1_289' title='bbox 1446 4552 1479 4615; x_wconf 91' lang='lat' dir='ltr'><strong>in</strong></span> 
     </span>
     <span class='ocr_line' id='line_1_39' title="bbox 434 4655 1480 4739; baseline 0.004 -23"><span class='ocrx_word' id='word_1_290' title='bbox 434 4655 550 4718; x_wconf 88' lang='lat' dir='ltr'><strong>nostris</strong></span> <span class='ocrx_word' id='word_1_291' title='bbox 572 4655 614 4719; x_wconf 90' lang='lat' dir='ltr'><strong>ad</strong></span> <span class='ocrx_word' id='word_1_292' title='bbox 637 4677 709 4719; x_wconf 92' lang='lat' dir='ltr'><strong>eum</strong></span> <span class='ocrx_word' id='word_1_293' title='bbox 732 4656 835 4720; x_wconf 88' lang='lat' dir='ltr'><strong>locum</strong></span> <span class='ocrx_word' id='word_1_294' title='bbox 858 4658 943 4722; x_wconf 91' lang='lat' dir='ltr'><strong>notis</strong></span> <span class='ocrx_word' id='word_1_295' title='bbox 963 4658 1095 4722; x_wconf 85' lang='lat' dir='ltr'><strong>laudati.</strong></span> <span class='ocrx_word' id='word_1_296' title='bbox 1143 4655 1331 4722; x_wconf 88' lang='lat' dir='ltr'><strong>Marcellum</strong></span> <span class='ocrx_word' id='word_1_297' title='bbox 1354 4676 1480 4739; x_wconf 80' lang='lat' dir='ltr'><strong>quoquo</strong></span> 
     </span>
    </p>
   </div>
   <div class='ocr_carea' id='block_1_3' title="bbox 0 0 1920 5692">
    <p class='ocr_par' dir='ltr' id='par_1_4' title="bbox 0 0 1920 5692">
     <span class='ocr_line' id='line_1_40' title="bbox 0 0 1920 5692; baseline 0 0"><span class='ocrx_word' id='word_1_298' title='bbox 0 0 1920 5692; x_wconf 95' lang='lat' dir='ltr'><strong> </strong></span> 
     </span>
    </p>
   </div>
  </div>
 </body>
</html>
