3817 5692
492 682 556 748 174
718 679 971 744 ARCHELAI
1005 679 1069 741 ET
1104 678 1322 741 MANETlS

491 865 707 935 responsum.
761 842 866 926 Quod
902 845 940 924 si,
972 852 1013 912 ut
1047 842 1108 922 ais,
1140 865 1184 910 ex
1216 865 1259 911 eo
1293 842 1387 934 quod
1421 865 1541 912 verum

490 958 638 1041 dixerat,
658 958 786 1029 Petrus
812 958 1046 1042 beatificatur,
1063 966 1101 1027 et
1126 980 1190 1049 pro
1216 981 1258 1027 eo
1284 958 1379 1048 quod
1404 957 1542 1041 fefellit,

489 1075 635 1145 nuntius
652 1074 713 1145 ille
730 1074 914 1165 culpatum
941 1074 998 1144 dio
1022 1073 1109 1142 mihi
1128 1095 1236 1164 quare
1253 1095 1335 1142 cum
1355 1071 1542 1144 Daemones

489 1210 572 1258 eum
590 1190 854 1270 confiterentur,
874 1187 1041 1269 dicentes,
1057 1186 1211 1259 'Scimus
1229 1196 1260 1257 te
1277 1183 1362 1280 ¹¹qui
1379 1188 1428 1256 sis
1445 1211 1543 1258 sanc·

490 1310 544 1373 tus
558 1302 664 1385 Deus,
677 1304 872 1395 increpavit
889 1325 962 1385 eos,
975 1311 1013 1372 et
1026 1298 1144 1372 ¹silere
1161 1301 1352 1394 precepit?
1378 1299 1453 1371 Cur
1469 1326 1539 1372 non

490 1419 533 1508 (si
565 1420 708 1512 quidem
738 1419 987 1489 confitentium
1017 1440 1054 1487 sc
1086 1418 1300 1488 testimoniis
1327 1418 1540 1510 delectatur)

490 1536 599 1605 etiam
628 1535 725 1615 istos,
751 1534 844 1605 sieut
875 1535 1024 1603 Petrum
1051 1557 1133 1604 vera
1163 1535 1350 1615 dicentem,
1378 1534 1542 1604 benedic-

490 1650 647 1720 tionibus
676 1659 921 1720 remuneratus
947 1648 1025 1720 est?
1059 1648 1162 1732 Quod
1194 1649 1221 1718 si
1252 1648 1320 1719 lroc
1350 1649 1540 1719 absurdum

490 1774 556 1847 est,
581 1764 793 1856 relinquitur
818 1773 860 1834 ut
889 1787 952 1855 pro
980 1763 1068 1845 loco,
1087 1787 1150 1854 pro
1179 1771 1348 1855 tempore,
1375 1787 1438 1856 pro
1465 1787 1541 1856 per·

489 1879 595 1960 sonis,
624 1901 688 1970 pro
719 1878 834 1960 rebus,
865 1901 928 1969 pro
959 1878 1195 1949 accidentium
1230 1879 1355 1960 salute,
1386 1903 1430 1951 ea
1459 1903 1539 1973 quae

490 1995 586 2064 dicta
603 2004 696 2074 sunt,
711 1992 960 2086 intelligamus,
975 1995 1026 2063 uti
1045 2017 1090 2064 ne
1107 2003 1243 2064 temere
1261 1997 1539 2086 pronuntiantes,

489 2110 596 2202 digna
614 2110 826 2180 coercitione
844 2107 1020 2180 feriamur.
1062 2108 1110 2178 Et
1128 2120 1169 2179 ut
1186 2120 1223 2179 te
1242 2112 1411 2204 magisne
1428 2113 1539 2205 magis

489 2227 667 2307 edoceam,
679 2224 794 2295 multo
807 2224 959 2317 amplius
972 2224 1083 2308 illum,
1095 2226 1155 2317 qui
1170 2227 1215 2296 de
1228 2240 1340 2297 matre
1353 2228 1537 2298 nuntiave-

490 2352 555 2421 rat,
587 2341 820 2412 honoratum:
853 2344 907 2430 (tu
939 2351 1059 2412 autem
1088 2342 1220 2413 oblitus
1246 2344 1306 2424 rei,
1334 2366 1412 2434 quae
1438 2344 1538 2414 nobis

489 2458 668 2549 proposita
684 2465 749 2538 est,
768 2457 803 2526 in
829 2456 924 2528 aliud
948 2479 1136 2527 conversus
1159 2461 1229 2549 εει)
1255 2456 1337 2526 audi
1359 2480 1443 2551 ergo
1461 2458 1539 2528 bre-

490 2572 600 2655 viter;
627 2573 654 2642 si
673 2571 769 2641 enim
787 2569 938 2640 volueris
962 2570 1167 2665 diligentius
1190 2572 1319 2642 intueri
1346 2595 1424 2664 quae
1445 2574 1539 2643 dicta

488 2700 582 2773 sunt,
609 2688 830 2759 inveniemus
859 2687 895 2756 in
927 2685 989 2756 illo
1011 2688 1137 2779 priore
1167 2687 1315 2758 multam
1343 2687 1537 2757 Dominum

489 2806 614 2877 Jesum
637 2804 831 2875 ostendisse
854 2802 1091 2883 clementiam,
1113 2802 1221 2894 idque
1246 2805 1538 2874 convenientibus

489 2929 527 2989 te
552 2918 725 3010 exemplis
750 2918 928 2987 edoceam.
981 2915 1062 2987 Rex
1089 2917 1245 3009 quidam,
1262 2939 1343 2987 cum
1371 2918 1537 2988 adversus

488 3033 627 3103 hostem
653 3030 877 3124 processisset
901 3042 1066 3113 armatus,
1083 3041 1120 3102 et
1143 3031 1318 3125 cogitaret
1341 3042 1449 3124 atque
1467 3033 1536 3102 dis·

488 3158 637 3241 poneret
653 3148 951 3240 quemadmodum
975 3157 1095 3241 posset
1116 3172 1260 3220 manum
1286 3148 1351 3219 sibi
1370 3147 1535 3219 hostilem

488 3274 596 3357 atque
627 3264 809 3335 barbaram
839 3264 1035 3357 subjugare,
1062 3288 1215 3357 cumque
1241 3266 1278 3336 in
1305 3263 1418 3334 multa
1444 3275 1537 3335 esset

488 3403 582 3462 cura,
608 3389 646 3449 et
671 3379 902 3450 solicitudine
922 3381 1146 3463 constitutus,
1173 3382 1209 3450 in
1235 3382 1353 3451 medio
1378 3379 1538 3450 adversa·

487 3494 617 3563 riorum
646 3494 790 3585 positus,
816 3516 859 3564 ac
887 3503 1011 3586 postea
1033 3494 1110 3585 jam
1141 3495 1299 3588 captivos
1329 3517 1390 3566 eos
1413 3502 1536 3564 tenere

488 3610 667 3701 incipiens,
684 3609 760 3700 jam
780 3609 858 3700 jam
879 3608 941 3679 illa
966 3608 1154 3681 solicitudo
1180 3610 1390 3693 immineret,
1414 3632 1537 3701 quem-

486 3723 677 3796 admodum
703 3725 858 3815 eosqui
884 3747 1005 3796 secum
1031 3723 1275 3797 laboraverant
1291 3736 1372 3805 ,mac
1397 3726 1536 3817 pondus

529 3899 596 3959 kln
610 3902 707 3960 codice
721 3902 879 3968 casinensi,
894 3903 955 3978 quis
975 3922 1013 3960 es.
1057 3901 1116 3961 Sed
1138 3903 1245 3961 librarii
1267 3921 1346 3960 error
1371 3902 1453 3959 nobis
1475 3904 1536 3959 visa

487 4006 531 4056 est
545 3998 593 4055 illa
607 3998 701 4056 lectio.

529 4094 538 4140 ¹
553 4095 587 4153 In
601 4096 701 4153 eodem
716 4095 813 4153 codice
827 4105 871 4153 est
884 4096 976 4153 sitire.
1020 4094 1080 4154 Sed
1092 4096 1180 4161 silere,
1195 4096 1254 4172 legi
1273 4096 1375 4154 debere
1389 4114 1443 4152 nos
1457 4114 1536 4152 sacer

487 4200 581 4249 textus
596 4192 705 4249 edocet.
748 4192 822 4248 Vide
837 4202 932 4249 tamen
947 4211 994 4257 an,
1008 4195 1105 4260 mam,
1118 4192 1270 4269 legendum
1286 4192 1330 4248 sit

528 4299 551 4330 ¹¹¹
567 4290 600 4346 lu
615 4288 712 4345 codice
727 4288 823 4345 Casin.
838 4307 871 4345 oc
886 4290 994 4364 pondus
1010 4289 1105 4348 bellica
1119 4291 1278 4346 tolerarent.
1322 4288 1386 4344 Nos
1401 4287 1534 4344 emenda-

486 4387 588 4450 vimus,
603 4403 636 4441 cc
644 4385 750 4459 pendas
764 4384 827 4441 teus
840 4385 1033 4444 toleraverant.
1077 4385 1209 4443 Fortasse
1229 4395 1325 4443 tamen
1347 4385 1425 4442 rudis
1446 4384 1533 4442 inter·

486 4500 551 4556 pres
565 4481 725 4555 scripserat,
740 4499 773 4537 co
780 4482 888 4556 pondus
903 4482 967 4540 belli
981 4482 1223 4541 contelnaverant.

904 4601 912 4625 ¹
933 4595 1001 4652 Luc.
1016 4595 1054 4652 iv.
1070 4613 1119 4670 34.
