3817 5692
511 702 575 764 122
731 697 984 761 ARCHELAI
1016 696 1080 758 ET
1113 691 1333 756 MANETIS

505 876 610 945 nnius
633 896 692 944 eas
714 895 797 943 oum
822 872 900 942 Deo
927 871 1014 940 diois
1039 891 1115 938 esse
1140 868 1354 948 substantia,
1372 874 1410 933 et
1434 871 1554 933 tamen

505 1012 587 1061 eum
610 990 655 1058 de
679 988 797 1057 divina
820 1010 879 1057 eas
904 1007 1036 1056 asseras
1059 1006 1135 1053 esse
1158 991 1293 1061 natura,
1317 979 1404 1049 dicis
1428 976 1554 1046 nihilo-

503 1108 623 1175 minus
643 1104 733 1174 yDei
759 1126 830 1173 non
857 1123 995 1171 servare
1020 1099 1210 1180 mandata3
1237 1098 1345 1166 etiam
1371 1094 1421 1164 sie
1446 1092 1555 1185 pluri·

503 1242 604 1291 mum
620 1241 722 1289 mens
738 1241 853 1289 sermo
871 1216 1062 1309 zprocedit,
1080 1215 1200 1284 dicens
1217 1214 1330 1306 primo
1349 1209 1554 1292 Diabolum,

504 1356 547 1404 eo
574 1336 670 1427 qnod
696 1334 904 1404 mandatum
934 1355 1006 1401 non
1036 1332 1237 1411 servaverit,
1264 1329 1456 1408 decidisse;
1481 1349 1552 1395 non

503 1451 599 1520 enim
630 1459 706 1522 erat
731 1473 778 1520 ex
801 1452 871 1520 Dei
902 1448 1119 1519 substantia:
1146 1446 1278 1516 decidit
1306 1467 1376 1513 non
1406 1454 1480 1514 tam
1510 1452 1552 1512 nt

502 1565 647 1637 laederet
672 1565 866 1635 humanum
893 1586 1015 1657 genus,
1033 1563 1095 1633 sed
1118 1572 1159 1631 ut
1175 1559 1237 1631 ¹ab
1260 1582 1303 1630 eo
1329 1560 1447 1653 potius
1473 1558 1553 1627 iliu-

503 1682 667 1752 deretur:
694 1682 794 1751 dedit
810 1680 906 1750 enim
923 1678 1025 1749 nobis
1041 1684 1255 1769 potestatem
1273 1672 1430 1744 calcandi
1448 1696 1553 1764 super

502 1807 694 1891 serpentes,
724 1795 780 1867 ²et
814 1797 1025 1887 scorpiones,
1057 1804 1096 1863 et
1126 1814 1268 1862 omnem
1299 1792 1468 1859 virtutem
1498 1790 1553 1858 in-

501 1914 608 1986 imici.

551 2023 743 2095 XXXIII.
769 2022 793 2093 J
797 2043 926 2094 nolens
946 2041 1148 2104 nrxsnnnn,
1168 2021 1394 2092 sufficienter
1416 2018 1552 2091 ³osten-

501 2141 555 2211 dit
584 2141 629 2210 de
663 2141 797 2232 origine
826 2139 980 2210 Diaboli.
1032 2137 1124 2209 Cum
1159 2140 1254 2209 enim
1289 2149 1439 2230 utraque
1473 2160 1551 2231 pars

500 2256 691 2327 confitetur
721 2254 881 2324 futurum
911 2276 988 2324 esse
1011 2254 1198 2345 judicium,
1225 2253 1420 2323 necessario
1450 2251 1550 2321 liberi

500 2370 633 2441 arbitrii
654 2370 893 2462 unnsquisque
911 2378 1147 2450 monstratur3
1174 2380 1267 2459 ⁸quo
1291 2368 1474 2437 evidenter
1496 2390 1552 2438 os·

500 2495 612 2568 tenso,
630 2485 719 2555 nulli
738 2485 885 2556 dubium
903 2495 969 2568 est,
988 2484 1082 2576 quod
1104 2487 1345 2575 unusquisqne
1369 2486 1403 2553 in
1428 2507 1551 2575 qnam-

500 2624 641 2695 ounque
669 2600 818 2695 elegerit
845 2612 993 2694 partem,
1011 2601 1150 2693 propria
1174 2623 1257 2670 usus
1283 2601 1390 2670 fuerit
1415 2600 1547 2669 arbitrii

499 2727 687 2811 potestate.
741 2717 877 2788 Manes
893 2737 1012 2799 nrxrr,
1031 2714 1092 2786 bSi
1110 2739 1132 2786 a
1148 2716 1228 2786 Deo
1251 2716 1374 2798 bonus,
1394 2726 1435 2786 ut
1457 2739 1550 2786 asse-

540 2942 557 2987 t
572 2929 668 2987 Series
687 2939 717 2987 et
735 2932 939 3006 consequentia
952 2932 1091 2989 sermonis
1105 2932 1222 2989 omnino
1236 2932 1348 2989 videtur
1361 2932 1503 3007 postolare
1518 2941 1549 2989 ut

499 3023 622 3102 legatur,
637 3028 694 3085 Dei
713 3048 765 3085 noo
785 3048 897 3086 servare
913 3031 1049 3094 mndata,
1062 3030 1129 3087 lieet
1143 3030 1173 3086 in
1187 3030 1336 3087 casinensi
1358 3030 1454 3086 codice
1476 3028 1550 3086 desit

500 3127 634 3201 negative
646 3126 800 3200 perticula;
823 3128 878 3183 nisi
899 3128 961 3201 quis
981 3127 1076 3201 potins
1092 3127 1245 3201 legendum
1258 3136 1347 3201 putet,
1361 3127 1419 3184 Dei
1429 3146 1548 3191 servare,

499 3222 545 3279 vel
556 3242 609 3281 son
621 3225 880 3288 ammonendum,
895 3244 948 3299 pro
962 3224 1070 3281 arbitrii
1084 3225 1190 3281 sedicet
1204 3225 1343 3281 libertate.

541 3328 556 3360 ¹
571 3319 608 3376 In
623 3319 780 3385 Casinensi,
790 3322 929 3395 precedit.

541 3425 557 3457 ⁸
570 3415 606 3471 ln
620 3416 721 3473 eodem
735 3417 832 3474 codice
845 3417 959 3491 legitur,
977 3418 1036 3481 Quo
1049 3419 1174 3474 videntur
1187 3427 1292 3474 ostenso
1306 3418 1375 3474 sulti
1388 3418 1495 3475 debiam
1507 3427 1548 3475 eat

499 3513 676 3588 unnsquisque
699 3514 728 3569 is
750 3534 930 3590 qsomwnqae
954 3515 1066 3591 eleyerit
1084 3524 1194 3590 partem
1213 3516 1328 3589 propria
1350 3534 1415 3572 ussa
1438 3516 1549 3571 arbitrii

494 3618 641 3685 potestate.
684 3612 747 3669 Nos
775 3632 811 3668 an
837 3621 913 3669 recte
937 3612 1032 3669 locum
1056 3614 1132 3669 hunc
1159 3612 1412 3678 emendaverimus,
1433 3612 1548 3670 videant

500 3704 624 3763 Eruditi.
1001 3695 1005 3702 ¹

539 3799 671 3860 beodex
694 3805 857 3862 Casinensis
879 3806 926 3862 hic
950 3806 990 3862 ita
1012 3825 1043 3863 se
1068 3806 1162 3873 habet,
1184 3805 1218 3863 Si
1238 3825 1255 3862 a
1273 3809 1332 3863 Deo
1356 3807 1448 3874 boam,
1465 3817 1495 3865 st
1515 3827 1547 3864 as

498 3901 649 3957 mendacem
669 3920 728 3959 esse
747 3903 843 3959 dixisti
855 3902 946 3960 Iesus.
989 3904 1167 3960 Abutebatur
1182 3914 1277 3960 autem
1292 3905 1404 3972 Manes,
1419 3915 1451 3963 nt
1464 3925 1547 3962 suum

499 3997 535 4054 de
559 3998 634 4055 molo
656 3999 722 4056 Deo
747 4000 853 4075 dogma
876 4009 1023 4064 statueret,
1039 4001 1159 4057 Joannis
1183 4002 1329 4078 Evangelii
1353 4004 1416 4059 loco
1437 4004 1466 4060 in
1484 4023 1546 4078 cap.

498 4094 555 4150 viii.
569 4107 598 4170 5.
613 4104 642 4152 et
656 4112 706 4167 44.
721 4097 751 4153 in
768 4117 824 4172 quo
843 4098 883 4154 sic
901 4098 1058 4156 Pharisaeos
1081 4100 1227 4176 redarguit
1239 4101 1334 4163 Jesns,
1354 4101 1409 4157 Vos
1422 4120 1456 4157 ea
1464 4112 1548 4177 patre

498 4189 603 4245 diabolo
617 4191 693 4259 estis,
709 4199 735 4247 et
754 4192 884 4248 desiderio
899 4195 994 4267 patris
1011 4196 1096 4250 vestri
1115 4196 1198 4251 vultis
1208 4196 1325 4270 socere;
1347 4197 1394 4254 tlte
1414 4197 1547 4255 homicida

498 4296 558 4342 erat
577 4287 611 4343 ab
629 4288 717 4354 initio,
732 4298 759 4345 et
779 4290 937 4346 inveritate
957 4310 1008 4346 son
1029 4293 1114 4356 stetit,
1130 4295 1194 4368 qnia
1213 4313 1263 4349 non
1283 4303 1324 4350 est
1338 4296 1481 4351 veritatis
1495 4316 1545 4362 eo,·

498 4403 557 4440 cam
577 4385 697 4460 loquitar
709 4388 883 4450 mmdooiam,
898 4406 932 4442 er
947 4390 1073 4463 propriis
1093 4390 1224 4464 quuitur,
1239 4392 1302 4465 qnia
1323 4392 1435 4447 mendae
1455 4401 1505 4460 est,
1519 4402 1546 4449 et

493 4489 577 4555 pater
590 4482 657 4553 q'us.
702 4483 797 4551 Quare
818 4484 874 4540 hoe
894 4494 1064 4558 argumento
1079 4487 1249 4544 Archelaum
1268 4488 1316 4544 hic
1333 4499 1416 4564 urget
1430 4488 1544 4564 Manes.

517 4630 523 4657 ¹
544 4623 642 4696 [Coni.
657 4626 724 4685 Job.
740 4628 778 4686 xl.
799 4630 857 4702 10.]
944 4635 952 4657 ¹
969 4630 1037 4688 Luc.
1055 4651 1083 4690 x.
1102 4653 1143 4707 ¹9·
1227 4641 1236 4671 ³
1254 4635 1333 4707 [For.
1349 4635 1531 4709 ostenditur]
