3817 5692
766 707 1078 772 DISPUTATIO.
1382 706 1445 772 163

398 889 522 972 postea
554 880 666 972 egerit
700 879 904 950 adversariae
939 879 1048 971 partis
1079 877 1248 947 minister.
1305 876 1446 949 Incolu-

397 1019 495 1067 mem
521 1005 558 1064 te
583 996 709 1076 anima,
728 1005 765 1064 et
791 995 917 1087 spiritu
943 993 1122 1064 custodiat
1140 992 1262 1065 ‘Deus
1287 997 1447 1087 omnipo-

399 1119 488 1182 tens.

449 1223 571 1298 XLV.
599 1224 758 1317 Accepta
785 1225 849 1296 hac
872 1224 1022 1318 epistola
1038 1227 1224 1308 Diodoms,
1243 1234 1280 1295 et
1297 1224 1448 1295 collecto

399 1364 445 1410 ex
476 1363 519 1410 ea
548 1363 661 1424 sensu,
686 1340 847 1411 conflixit
876 1342 1042 1412 adversus
1069 1341 1229 1424 Manem,
1254 1341 1305 1410 ita
1333 1349 1374 1409 ut
1404 1341 1449 1410 ab

399 1456 563 1527 omnibus
581 1456 849 1538 collaudaretur,
868 1456 963 1548 quod
981 1455 1178 1550 diligenter,
1191 1465 1228 1526 et
1246 1465 1450 1548 competen-

399 1580 455 1639 ter
472 1571 677 1652 ostcuderit,
695 1572 846 1641 duorum
865 1579 1170 1652 testamentorum,
1193 1581 1300 1663 atque
1322 1570 1451 1640 utrius·

399 1708 469 1778 que
481 1696 499 1746 7
505 1684 593 1780 legis
610 1689 704 1756 inter
720 1709 796 1757 sese
810 1687 1069 1780 cognationem.
1095 1684 1202 1755 Plura
1215 1687 1323 1755 etiam
1338 1706 1383 1755 ex
1397 1707 1451 1754 se-

400 1803 552 1894 metipso
569 1803 760 1883 inveniens,
774 1802 907 1893 objecit
924 1802 956 1870 ei
972 1800 1087 1872 valida
1102 1800 1201 1872 valde
1215 1811 1253 1872 et
1265 1802 1370 1872 fortia
1387 1823 1450 1894 pro

401 1917 562 1988 veritate.
614 1916 798 1987 Conclusit
816 1919 924 1987 etiam
942 1917 1181 1987 adversarium
1196 1915 1373 1987 Diodoms
1385 1925 1450 1986 'ex

400 2033 613 2115 nominibus,
632 2034 752 2104 dicens
770 2034 843 2117 ita;
871 2029 1007 2104 Dixisti
1031 2034 1102 2103 duo
1128 2055 1205 2103 esse
1228 2041 1450 2115 testamenta,

400 2149 458 2219 dic
484 2172 569 2242 ergo
596 2150 667 2220 duo
693 2171 769 2220 esse
791 2159 920 2231 vetera,
938 2160 1001 2220 aut
1026 2150 1098 2219 duo
1123 2149 1237 2220 nova?
1282 2148 1450 2241 Ejusdem

401 2264 496 2333 enim
527 2266 704 2356 temporis,
737 2263 792 2335 vel
821 2265 940 2357 potius
975 2265 1197 2348 aeternitatis,
1228 2266 1298 2335 duo
1328 2265 1451 2336 asseris

400 2401 477 2450 esso
511 2381 687 2474 ingenita3
723 2388 761 2450 et
792 2381 821 2450 si
855 2381 926 2450 duo
957 2389 1052 2462 sunt,
1082 2379 1152 2449 duo
1183 2402 1258 2451 esse
1287 2387 1450 2473 ⁸oportet

402 2502 523 2564 vetera
539 2503 763 2575 testamenta,
780 2503 843 2566 aut
860 2495 930 2565 duo
952 2516 1053 2564 nova.
1105 2493 1211 2578 Quod
1235 2495 1264 2565 si
1286 2494 1354 2564 hoc
1378 2518 1450 2565 non

401 2609 498 2692 dicis,
516 2611 577 2681 sed
594 2632 706 2681 unum
724 2633 800 2682 esse
818 2620 931 2694 vetus,
948 2618 985 2680 et
1008 2608 1106 2682 aliud
1129 2633 1273 2692 novum,
1290 2603 1449 2678 '’rursum

404 2746 492 2794 unus
509 2725 694 2814 utriusque
716 2733 841 2796 auctor
857 2725 1066 2808 ostenditur,
1083 2733 1121 2794 et
1143 2725 1220 2816 ejus
1244 2745 1320 2794 esse
1340 2733 1449 2802 vetus,

401 2839 503 2930 cujus
521 2848 558 2908 et
573 2863 716 2923 novum,
736 2841 987 2933 consequentia
1010 2841 1086 2932 ipsa
1101 2838 1265 2908 eedocet:
1293 2837 1403 2907 veluti
1421 2838 1450 2909 si

403 2955 593 3046 quisdicat
610 2951 778 3038 dhomini,
797 2956 873 3027 loca
894 2957 982 3027 mihi
1001 2966 1157 3027 veterem
1176 2957 1321 3026 domum
1339 2966 1450 3039 tuam,

403 3079 540 3140 enonne
565 3094 629 3163 per
655 3070 723 3142 hoc
748 3072 856 3142 etiam
882 3095 985 3142 norae
1012 3071 1137 3141 domus
1162 3071 1345 3140 dominum
1367 3093 1451 3140 eum

404 3207 479 3254 esse
497 3187 726 3278 pronunciat?
754 3187 834 3259 Aut
854 3210 993 3259 rursum
1016 3188 1046 3258 si
1070 3187 1165 3257 dicat
1182 3188 1227 3269 ei,
1245 3209 1372 3257 novam
1389 3189 1452 3258 do·

403 3322 502 3370 mum
529 3311 627 3373 tuam
653 3312 777 3395 praesta
802 3303 910 3384 mihi;
936 3325 1054 3372 nonne
1073 3302 1199 3372 eodem
1218 3301 1325 3371 verbo
1342 3302 1450 3372 etiam

445 3501 457 3526 ¹
474 3489 574 3547 Codex
590 3492 763 3562 Casinensis,
777 3492 855 3548 Deus
868 3492 994 3548 oxnnium.

445 3598 459 3641 t
475 3588 553 3645 Male
563 3589 726 3647 Casinensis
741 3589 841 3654 codex,
851 3589 919 3664 tequ
932 3589 1019 3644 imese
1031 3589 1218 3663 coquitioaem.
1244 3588 1322 3645 Male
1336 3595 1366 3645 et
1378 3587 1453 3644 infra

406 3684 557 3742 Bobiensis
577 3688 694 3752 veniens,
708 3687 814 3759 objecit.
857 3685 915 3742 Sed
936 3695 966 3742 et
987 3685 1152 3742 Casinensis
1172 3705 1233 3760 pro,
1253 3687 1359 3760 offecit,
1379 3685 1452 3742 male

405 3780 493 3838 habet
506 3782 619 3855 objecta.

445 3887 459 3918 ²
475 3878 604 3936 Ridicula
617 3891 661 3937 est
675 3880 721 3936 hic
735 3879 885 3936 Bobiensis
906 3879 1011 3936 codicis
1032 3878 1126 3944 lectio,
1140 3877 1169 3933 in
1190 3897 1245 3951 quo
1263 3878 1404 3945 scribitur,
1419 3897 1453 3935 es

405 3973 536 4040 'invidum
558 3994 574 4032 e
595 3984 694 4033 contra
714 3976 879 4033 Casinensis
900 3995 965 4032 mox
987 3976 1083 4044 habet,
1098 3975 1188 4032 dicens
1209 3976 1256 4039 ita,
1278 3976 1357 4040 dicit,
1379 3977 1454 4034 mala

404 4069 503 4126 itidem
518 4069 612 4126 lectio.

446 4174 461 4206 ⁸
477 4163 549 4222 cod.
565 4166 682 4222 Bobien.
697 4176 802 4244 oportet
815 4176 842 4224 et
855 4175 954 4224 vetera.

446 4256 462 4300 b
476 4260 555 4317 Male
570 4260 701 4319 casinen.
715 4282 814 4320 rursus
827 4263 913 4319 omnia
926 4263 1078 4338 utriusque.

446 4366 460 4396 ⁰
473 4356 574 4414 Codex
590 4358 763 4424 casinensis,
778 4362 881 4417 docent.

447 4449 460 4485 ‘¹
478 4453 546 4510 llaec
571 4462 615 4511 est
630 4454 778 4512 Bobiensis
799 4453 904 4512 codicis
924 4453 1009 4510 lectio
1018 4476 1027 4523 ;
1050 4472 1116 4510 nam
1131 4453 1160 4509 in
1175 4452 1324 4510 casinensi
1338 4463 1391 4519 est,
1406 4454 1454 4510 do·

405 4553 470 4608 mini
483 4552 563 4607 diviti
576 4551 651 4616 milti,
667 4552 744 4609 nullo
759 4570 853 4609 sensu.
898 4550 992 4615 Forte,
1008 4551 1112 4607 dimitte
1125 4549 1201 4606 miti.

447 4657 460 4689 θ
476 4647 576 4704 Codex
591 4648 712 4706 Bobien.
727 4668 779 4705 non
791 4667 860 4722 pen·
883 4648 932 4704 sed
947 4647 976 4704 in
991 4667 1049 4721 seq.
1065 4646 1151 4704 habet
1164 4665 1258 4702 noum.

903 4763 924 4800 Υ
941 4761 959 4805 2
