3817 5692
798 713 1101 774 ARCHELAUS.
1450 716 1470 773 5

426 882 556 947 tationis
571 883 664 967 hujus
678 891 753 947 acta
768 882 894 966 scriptis
909 883 1111 955 mandasset3
1134 904 1171 944 cc
1187 882 1373 965 praesartim,
1386 885 1469 967 quod

427 1005 484 1067 pro
498 985 652 1069 inscripsi,
666 985 834 1069 legendum
847 984 954 1068 potius
970 1006 1038 1046 csse
1053 983 1197 1046 videatur
1212 984 1365 1067 metipsi.
1408 985 1471 1048 Sed

426 1085 523 1148 nihilo
538 1086 640 1150 secius
654 1108 726 1150 cum
742 1086 772 1149 in
789 1093 951 1171 postremo
964 1086 1134 1149 eorundem
1153 1092 1297 1150 actorum
1312 1086 1381 1151 loeo
1396 1110 1470 1152 mox

427 1196 603 1253 memorato
614 1189 732 1253 diserte
743 1188 878 1264 dicatur,
889 1187 1082 1251 Archelaum
1097 1187 1200 1272 ipsum
1212 1188 1362 1252 nonnulla
1373 1191 1470 1275 priori

426 1289 635 1373 disputationi
650 1312 715 1353 suae
735 1290 937 1375 postmodum
955 1288 1127 1366 addidisse,
1143 1289 1175 1351 in
1191 1311 1261 1354 eam
1281 1292 1470 1357 sententiam

427 1390 537 1455 lubens
566 1393 667 1469 venio,
698 1401 735 1456 ut
765 1390 993 1477 Epiphaniam,
1018 1398 1115 1475 atque
1142 1391 1372 1477 Hieronymum
1399 1417 1470 1459 curn

427 1494 621 1558 Heracliano
636 1495 795 1558 conciliari
810 1517 902 1579 posse
916 1495 1056 1570 enodem,
1071 1494 1098 1557 si
1113 1494 1264 1572 dicamus,
1276 1497 1469 1561 Archelaum

428 1598 558 1683 Syriaca
581 1599 715 1684 primum
739 1598 846 1683 lingua
870 1605 996 1672 cuncta,
1016 1619 1086 1681 quae
1110 1620 1217 1661 coram
1239 1597 1369 1663 delectis
1385 1600 1469 1684 judi-

427 1701 516 1764 cibus
534 1702 686 1764 adversus
701 1701 865 1764 Menatem
886 1699 1074 1783 protulerat,
1091 1699 1286 1784 divulgasse;
1313 1701 1470 1786 Hegemo-

427 1802 514 1866 nium
528 1826 613 1880 vero,
630 1826 701 1888 quae
716 1805 757 1869 ab
769 1803 927 1867 Archelao
938 1803 1007 1887 jam
1022 1802 1110 1865 edita
1124 1800 1260 1877 fuerant,
1270 1802 1391 1864 meliom'
1406 1825 1470 1866 non

427 1905 529 1968 solum
559 1905 668 1969 ordine
696 1905 871 1990 digessisse,
898 1926 1006 1968 verum
1036 1903 1132 1967 etiam
1163 1903 1305 1979 exordio,
1335 1905 1470 1990 epilogo,

426 2006 559 2090 aliisque
569 2006 725 2070 nonnullis
736 2005 953 2090 locupletasse,
965 2014 1002 2068 ut
1012 2005 1157 2068 omnibus
1167 2005 1304 2069 numeris
1313 2005 1469 2082 absoluta,

427 2107 637 2171 celeberrimae
652 2107 734 2171 illius
753 2106 979 2192 disputationis
998 2114 1072 2170 acta
1086 2108 1128 2169 ad
1149 2113 1293 2190 posteros
1307 2109 1470 2172 transmit·

427 2215 581 2273 terantur.
615 2209 716 2271 Porro
733 2208 863 2292 Syriaca
878 2207 1012 2292 primum
1029 2207 1136 2292 lingua
1151 2208 1270 2292 scripta
1285 2209 1382 2273 fuisse
1396 2218 1471 2275 acta

426 2310 500 2387 ista,
515 2316 632 2394 praeter
648 2308 879 2393 Hieronymum
897 2310 929 2372 id
944 2309 1047 2393 ipsum
1063 2309 1132 2372 loco
1147 2330 1221 2373 mox
1240 2310 1371 2375 laudato
1386 2311 1470 2375 clare

427 2418 609 2486 testantem,
630 2410 706 2474 illud
727 2410 825 2474 etiam
844 2418 1030 2495 argumento
1050 2419 1110 2485 est,
1129 2411 1214 2494 quod
1234 2412 1412 2477 Archelaus
1430 2414 1471 2477 de

427 2512 539 2576 solaris
553 2534 663 2576 cursus
677 2513 781 2597 spatio
796 2534 902 2598 agens,
919 2514 1077 2597 sphaeram
1094 2512 1171 2577 illud
1191 2535 1211 2577 a
1227 2514 1351 2578 Graecis
1366 2515 1470 2578 vocari

427 2617 474 2682 ait
488 2639 557 2701 cap.
571 2616 668 2680 xxxii.
712 2616 848 2697 Quinam
864 2638 902 2681 ea
922 2616 953 2679 in
971 2618 1121 2679 Graecum
1140 2638 1315 2679 sermonem
1329 2624 1470 2681 transtu·

427 2718 509 2794 len‘t,
525 2728 613 2782 certo
633 2718 782 2781 affirmari
803 2739 866 2781 non
889 2726 1005 2802 potest,
1023 2717 1164 2801 quamvis
1185 2740 1301 2801 magua
1320 2719 1405 2801 apud
1421 2741 1471 2782 me

428 2820 564 2905 suspicio
587 2820 638 2895 sit,
663 2819 906 2905 Hegemouium,
928 2819 981 2903 qui
1004 2819 1138 2883 alteram
1157 2819 1307 2882 Archelai
1330 2819 1472 2903 disputa-

427 2923 524 2987 tionis
539 2922 709 2987 editionem
730 2921 941 2998 concinnavit,
957 2922 1060 3006 ipsnm
1077 2943 1202 3006 qnoque
1217 2923 1388 2986 eorundem
1404 2945 1472 2987 ver·

428 3025 547 3089 sionem
566 3047 584 3089 e
605 3025 735 3108 Syriaco
757 3024 790 3087 in
806 3025 956 3088 Graecum
979 3022 1137 3107 eloquium
1156 3021 1367 3098 elucubrasse,
1379 3030 1416 3087 ut
1437 3023 1471 3086 in

427 3128 582 3191 notiorem
604 3127 743 3211 linguam
764 3126 935 3201 transfusa,
951 3126 1056 3190 cuncti
1072 3148 1130 3208 per
1148 3125 1257 3190 orbem
1277 3126 1386 3189 fideles
1407 3124 1470 3210 ple-

428 3230 590 3294 nissimam
609 3229 780 3293 eorundem
800 3228 947 3292 notitiam
967 3229 1085 3292 habere
1100 3236 1238 3311 possent.
1286 3228 1423 3291 Factum
1438 3228 1470 3290 id

427 3331 656 3416 antiquissimis
670 3331 865 3415 temporibus
885 3330 992 3406 fuisse,
1007 3352 1047 3393 ex
1064 3330 1243 3414 Epiphanio
1261 3337 1400 3405 constat,
1417 3330 1471 3414 qui

428 3433 564 3519 insignia
579 3432 751 3497 eorundem
767 3439 918 3516 excerpta
930 3432 1041 3494 Graece
1056 3431 1154 3495 refert
1170 3431 1202 3493 in
1218 3430 1471 3495 Manichaeorum

428 3535 559 3613 haercsi3
582 3556 639 3599 nec
659 3534 720 3597 dici
741 3539 858 3618 potest,
874 3554 911 3596 aa
932 3555 973 3596 ex
995 3532 1125 3616 Syriaco
1140 3532 1311 3616 exemplari
1332 3532 1470 3616 Epipha-

428 3636 515 3699 nium
536 3636 640 3721 ipsum
660 3636 773 3700 Graeca
792 3635 911 3710 fecisse,
928 3656 998 3697 cum
1018 3633 1134 3709 omnia,
1151 3655 1221 3717 quae
1243 3634 1412 3696 abeodem
1431 3654 1469 3695 ex

428 3738 510 3802 actis
538 3736 763 3822 disputationis
791 3735 940 3799 Archelai
967 3757 1037 3798 cum
1065 3735 1196 3798 Meneta
1221 3734 1407 3810 affamntnr,
1439 3733 1470 3795 in

429 3838 558 3916 Latina,
577 3860 671 3924 quam
686 3838 818 3914 edimus,
835 3836 978 3900 versione
993 3836 1128 3899 totidem
1145 3836 1247 3899 verbis
1263 3835 1471 3920 reperiantur.

429 3942 479 4004 De
491 3939 608 4004 Latino
623 3939 796 4024 interprete
808 3939 897 4002 nobis
912 3946 1038 4002 tantum
1054 3937 1165 4021 liquet,
1175 3936 1261 4000 illum
1275 3937 1472 4021 Hieronymo

429 4042 637 4127 posteriorem
651 4041 758 4118 fuisse,
769 4062 862 4126 quem
877 4042 917 4103 de
930 4039 1050 4103 Latina
1064 4038 1206 4103 versione
1221 4039 1414 4102 mentionem
1428 4038 1472 4101 le-

427 4147 507 4211 cisse
523 4169 582 4232 par
596 4154 678 4223 erat,
693 4146 719 4209 si
735 4146 799 4209 suis
814 4145 1009 4229 temporibus
1024 4144 1204 4217 extitisset;
1236 4143 1349 4207 vixisse
1364 4151 1472 4207 tamen

428 4256 504 4313 ante
529 4248 698 4332 septimum
726 4246 918 4311 Christianae
943 4268 1017 4310 aerae
1044 4246 1204 4323 saeculnm,
1220 4244 1268 4308 vel
1293 4246 1365 4309 inde
1389 4245 1472 4309 colli-

427 4349 525 4434 gitur,
541 4349 625 4433 quod
650 4349 681 4411 in
702 4346 868 4412 laudandis
889 4349 921 4410 S.
938 4346 1111 4432 Scripturae
1131 4344 1208 4409 loeis
1228 4345 1388 4429 vulgatam
1409 4345 1473 4406 edi·

428 4450 558 4527 tionem,
575 4472 645 4535 quae
661 4472 699 4514 eo
714 4449 828 4514 saeculo
844 4471 901 4534 per
915 4448 1111 4512 occidentem
1126 4447 1242 4531 passim
1259 4454 1387 4531 recepta
1401 4445 1471 4519 luit,

428 4574 491 4616 non
506 4561 668 4637 sequatur.

473 4656 573 4718 Porro
598 4656 744 4720 Graecam
763 4654 947 4730 versionem,
972 4675 1034 4716 non
1058 4673 1133 4716 vero
1157 4651 1321 4735 Syriacum
1346 4655 1472 4712 textum
