3817 5692
745 702 1043 765 DlSPUTA'l’IO
1355 699 1418 765 119

373 880 432 968 qui
464 879 516 945 sui
543 875 676 945 arbitrii
708 884 883 967 potestate
917 873 1007 942 tales
1034 894 1110 941 esse
1144 871 1267 940 voluit.
1319 872 1418 941 Deus

374 994 468 1060 enim
486 993 614 1071 omnia,
632 1013 712 1080 quae
739 989 833 1069 fecit,
851 989 944 1057 bona
962 986 1064 1055 valde
1090 985 1185 1067 fecit,
1203 985 1303 1054 liberi
1328 986 1420 1055 arbi·

374 1108 432 1174 trii
450 1128 589 1175 sensum
608 1105 797 1194 unicuique
813 1103 1005 1192 deditque
1022 1101 1158 1170 ratione
1176 1102 1283 1170 etiam
1303 1101 1419 1194 legem

367 1221 492 1310 judicii
522 1220 647 1311 posuit.
701 1217 853 1286 Peccare
873 1224 1032 1285 nostrum
1057 1224 1121 1295 est,
1141 1223 1181 1283 ut
1204 1223 1325 1283 autem
1348 1237 1418 1284 non

374 1353 569 1423 peccemus,
588 1331 657 1400 Dei
684 1331 815 1399 donum
838 1337 902 1408 est,
919 1351 966 1398 ex
991 1327 1149 1418 eoquod
1176 1327 1211 1393 in
1237 1335 1357 1396 nostro
1374 1328 1421 1395 sit

374 1448 517 1517 arbitrio
535 1447 767 1515 constitutum
794 1465 950 1535 peccare,
970 1443 1026 1511 vel
1044 1465 1116 1511 nou
1132 1463 1301 1532 peccare3
1329 1443 1420 1512 sicut

374 1562 481 1631 etiam
507 1570 546 1629 tu
570 1561 645 1630 sine
669 1560 775 1627 dubio
803 1561 906 1639 nosti,
931 1581 951 1626 o
975 1556 1114 1635 Manes,
1142 1557 1170 1624 si
1195 1565 1314 1625 tamen
1338 1578 1421 1627 con-

374 1698 522 1769 gregans
540 1676 576 1744 in
594 1696 704 1743 unum
723 1672 911 1763 discipulos
929 1680 1020 1751 tuos,
1038 1679 1098 1739 aet
1115 1691 1176 1739 eos
1193 1692 1421 1741 commonens

376 1811 420 1858 ne
446 1787 664 1879 delinquant,
691 1808 781 1855 neve
806 1785 939 1876 aliquid
965 1785 1095 1874 injuste
1119 1792 1255 1876 gerant,
1280 1790 1288 1818 ¹
1294 1784 1420 1874 judicii

376 1905 491 1997 legem
512 1905 751 1995 uuusquisque
768 1924 891 1972 eorum
913 1902 1023 1993 possit
1046 1900 1207 1969 evadere.
1259 1898 1307 1968 Et
1325 1909 1421 1968 certe

376 2022 436 2111 qui
454 2019 640 2097 voluerint,
658 2016 846 2086 observant
866 2016 1044 2095 mandata,
1061 2015 1121 2105 qui
1140 2035 1222 2083 vero
1239 2024 1422 2106 contemp-

296 2167 298 2172 ·
376 2135 495 2215 serint,
514 2142 550 2202 et
573 2133 608 2200 in
636 2153 836 2222 perversum
860 2129 1124 2209 declinaverint,
1141 2128 1216 2197 sine
1240 2129 1348 2199 dubio
1372 2128 1421 2200 le-

375 2272 456 2342 gem
476 2247 602 2338 judicii
629 2246 754 2315 ferent.
808 2245 865 2314 Ex
890 2244 957 2315 hoc
983 2245 1091 2313 etiam
1117 2242 1322 2335 angelorum
1346 2246 1422 2335 qui·

376 2366 468 2443 dam,
486 2361 653 2430 mandato
671 2361 739 2429 Dei
766 2383 837 2429 non
862 2359 1006 2438 subditi,
1025 2358 1198 2427 voluntati
1222 2359 1297 2449 ejus
1322 2361 1422 2429 resti-

377 2485 507 2557 terunt,
525 2483 563 2543 et
585 2473 712 2565 aliquis
731 2474 875 2563 quidem
901 2473 946 2542 de
972 2471 1071 2550 caelo,
1095 2478 1278 2561 'tanquam
1304 2471 1422 2565 firlgur

376 2590 476 2681 ignis,
505 2588 633 2657 cecidit
663 2597 933 2679 superterram,
965 2586 1025 2655 alii
1054 2608 1136 2654 vero
1166 2586 1221 2653 ³in
1251 2584 1422 2656 felicitate

379 2701 580 2771 rhominurn
605 2700 744 2771 filiabus
772 2701 932 2778 admixti,
954 2721 976 2768 a
1000 2698 1150 2766 dracone
1175 2695 1306 2776 afflicti,
1332 2696 1422 2788 ignis

418 2903 434 2947 <1
451 2894 496 2949 Ita
510 2893 714 2950 restituendam
731 2894 891 2950 censuimus
906 2891 1053 2967 depravati
1069 2889 1176 2946 codicis
1190 2887 1352 2945 Casinensis
1365 2888 1422 2945 lec-

380 2990 495 3053 tionem,
510 2990 606 3063 inquo
621 2991 661 3046 sic
676 2990 817 3054 scribitur,
832 2998 859 3045 et
873 2990 1017 3045 conamuais
1031 3006 1071 3051 ae,
1082 2993 1129 3047 ἃς.
1145 2984 1198 3041 nisi
1212 2984 1274 3059 quis
1284 2985 1423 3051 maluerit,

381 3087 568 3142 communiens.

420 3192 432 3223 ¹
446 3183 491 3238 Eu
505 3181 576 3238 alter
585 3180 715 3239 Archelai
727 3180 816 3244 locus,
826 3199 862 3236 ex
874 3200 929 3255 quo
940 3179 970 3236 id
982 3182 1057 3254 quod
1068 3182 1097 3237 in
1109 3183 1278 3258 precedenti
1289 3183 1379 3257 capite
1390 3181 1425 3238 de

382 3277 567 3335 Hebraeorum
590 3277 768 3350 opinionibus
782 3295 799 3332 a
812 3276 962 3352 primitive
982 3277 1115 3335 Ecclesioe
1137 3279 1267 3336 Patribus
1284 3278 1426 3335 interdum

382 3373 567 3449 propugnatio
592 3373 724 3441 diximus,
753 3382 856 3448 aperte*
878 3374 1070 3431 confirmatur.
1113 3376 1199 3444 Quod
1222 3375 1297 3433 enim
1324 3375 1371 3432 hic
1391 3375 1427 3431 de

381 3472 501 3546 Angelis
530 3489 595 3527 cum
621 3471 744 3528 t'oeminis
771 3471 1034 3535 concumbentibus,
1062 3472 1150 3529 tradit
1174 3472 1340 3537 Archelaus,
1366 3474 1428 3547 jam

383 3586 471 3641 usque
499 3586 516 3623 a
544 3567 669 3624 Philonis
701 3567 825 3630 Hebraei.
854 3575 884 3624 et
909 3566 1029 3641 Josephi
1063 3570 1238 3643 temporibus
1264 3569 1428 3626 Judaeorum

382 3663 476 3737 opinio
491 3671 544 3727 est,
559 3681 643 3736 quam
657 3661 742 3719 etiam
761 3674 917 3736 sequuntur
930 3661 1128 3729 Tertullianus,
1142 3663 1281 3729 Justinus,
1296 3666 1430 3722 Clemens

382 3758 601 3823 Alexandrinus,
626 3757 837 3833 Athenagoras,
861 3758 1038 3823 Methodius,
1061 3759 1230 3834 Cyprianus,
1253 3760 1428 3825 lactantius,

382 3863 414 3910 ut
427 3854 485 3911 late
506 3854 607 3929 probat
623 3852 762 3909 Pamelius
783 3853 812 3908 in
825 3852 991 3909 Tertulliani
1012 3854 1159 3912 Paradoxo
1179 3874 1203 3911 1.
1225 3865 1254 3913 st
1268 3856 1427 3913 Fer-arden-

382 3951 439 4006 tius
453 3951 482 4006 iu
496 3951 571 4007 notis
585 3950 621 4007 ad
635 3950 774 4006 Irenaeum
789 3950 916 4023 ejusdem
930 3950 1070 4023 opinionis
1091 3952 1227 4009 asseclam
1248 3951 1296 4008 lib.
1311 3952 1347 4008 iv.
1365 3969 1427 4027 cap.

386 4064 433 4118 70.
458 4047 568 4102 Horum
583 4055 678 4103 tamen
693 4046 808 4102 Petrum
822 4045 949 4101 nonnulli
964 4047 1083 4104 bonosa
1097 4049 1178 4105 malis
1193 4049 1311 4123 Angelis
1326 4048 1426 4123 decep·

384 4152 439 4210 tos,
462 4143 589 4199 nonnulli
611 4143 701 4199 malos
723 4143 851 4217 Angelos
870 4160 935 4198 cum
958 4142 1105 4201 homiuum
1127 4145 1238 4202 filiabus
1261 4145 1429 4202 commixtos

383 4236 469 4293 fuisse
490 4237 651 4300 credidere;
674 4237 724 4294 sed
745 4246 883 4310 utrunque
897 4238 1057 4312 opinionem
1077 4241 1219 4296 communi
1240 4240 1347 4296 calculo
1362 4239 1427 4315 reji·
1448 4245 1457 4266 ⁰

384 4331 463 4388 ciunt
476 4333 524 4389 alii
540 4333 646 4399 Patres,
658 4342 687 4389 et
697 4334 867 4390 recentiores
877 4353 975 4391 omnes
987 4353 1074 4391 sacrae
1085 4335 1238 4410 Scripturas
1249 4335 1427 4408 interpretes,

385 4447 504 4501 quorum
526 4430 687 4504 catalogum
710 4437 815 4494 texere,
831 4449 895 4488 curn
916 4450 962 4488 res
978 4432 1172 4507 vulgatissima
1192 4432 1238 4494 sit,
1260 4430 1428 4505 praetermit-

385 4524 482 4581 timus.

430 4626 436 4649 ¹
456 4621 535 4694 [For.
551 4630 583 4679 ut
593 4622 717 4696 judicii]
797 4629 805 4652 ¹
820 4624 888 4679 Luc.
906 4642 931 4678 x.
948 4623 992 4678 18.
1068 4629 1077 4658 ¹
1095 4623 1147 4696 [H.
1162 4642 1187 4679 e.
1203 4621 1295 4680 adhuc
1309 4621 1338 4678 in
1353 4631 1429 4679 statu

386 4716 461 4774 felici
475 4718 668 4791 exsistentes]
