<?xml version="1.0" encoding="UTF-8"?>
<!DOCTYPE html PUBLIC "-//W3C//DTD XHTML 1.0 Transitional//EN"
    "http://www.w3.org/TR/xhtml1/DTD/xhtml1-transitional.dtd">
<html xmlns="http://www.w3.org/1999/xhtml" xml:lang="en" lang="en">
 <head>
  <title>
</title>
<meta http-equiv="Content-Type" content="text/html;charset=utf-8" />
  <meta name='ocr-system' content='tesseract 3.04.00' />
  <meta name='ocr-capabilities' content='ocr_page ocr_carea ocr_par ocr_line ocrx_word'/>
</head>
<body>
  <div class='ocr_page' id='page_1' title='image "./reliquiaesacrae02routgoog_0234.png"; bbox 0 0 3817 5692; ppageno 0'>
   <div class='ocr_carea' id='block_1_1' title="bbox 510 673 1200 738">
    <p class='ocr_par' dir='ltr' id='par_1_1' title="bbox 510 673 1200 738">
     <span class='ocr_line' id='line_1_1' title="bbox 510 673 1200 738; baseline -0.001 -2"><span class='ocrx_word' id='word_1_1' title='bbox 510 677 575 738; x_wconf 69' lang='lat'><em>220</em></span> <span class='ocrx_word' id='word_1_2' title='bbox 879 676 911 737; x_wconf 93' lang='lat' dir='ltr'><em>S.</em></span> <span class='ocrx_word' id='word_1_3' title='bbox 928 673 1200 737; x_wconf 82' lang='lat' dir='ltr'>AUGUSTINI</span> 
     </span>
    </p>
   </div>
   <div class='ocr_carea' id='block_1_2' title="bbox 344 846 1565 4264">
    <p class='ocr_par' dir='ltr' id='par_1_2' title="bbox 509 846 1558 1627">
     <span class='ocr_line' id='line_1_2' title="bbox 562 846 1558 938; baseline -0.001 -22"><span class='ocrx_word' id='word_1_4' title='bbox 562 846 658 917; x_wconf 86' lang='lat' dir='ltr'><em>Huic</em></span> <span class='ocrx_word' id='word_1_5' title='bbox 679 847 927 938; x_wconf 86' lang='lat' dir='ltr'><em>respondetur:</em></span> <span class='ocrx_word' id='word_1_6' title='bbox 955 847 1157 916; x_wconf 85' lang='lat' dir='ltr'><em>Secundum</em></span> <span class='ocrx_word' id='word_1_7' title='bbox 1186 847 1433 937; x_wconf 85' lang='lat' dir='ltr'><em>scripturarum</em></span> <span class='ocrx_word' id='word_1_8' title='bbox 1460 869 1558 915; x_wconf 82' lang='lat' dir='ltr'><em>sanc-</em></span> 
     </span>
     <span class='ocr_line' id='line_1_3' title="bbox 511 961 1556 1033; baseline -0.004 0"><span class='ocrx_word' id='word_1_9' title='bbox 511 973 626 1033; x_wconf 81' lang='lat' dir='ltr'><em>tarum</em></span> <span class='ocrx_word' id='word_1_10' title='bbox 657 964 905 1032; x_wconf 84' lang='lat' dir='ltr'><em>auctoritatem</em></span> <span class='ocrx_word' id='word_1_11' title='bbox 936 964 1092 1032; x_wconf 87' lang='lat' dir='ltr'><em>decrevit</em></span> <span class='ocrx_word' id='word_1_12' title='bbox 1123 962 1312 1031; x_wconf 86' lang='lat' dir='ltr'><em>concilium</em></span> <span class='ocrx_word' id='word_1_13' title='bbox 1343 961 1556 1031; x_wconf 82' lang='lat' dir='ltr'><em>catholicum</em></span> 
     </span>
     <span class='ocr_line' id='line_1_4' title="bbox 511 1075 1555 1158; baseline -0.004 -11"><span class='ocrx_word' id='word_1_14' title='bbox 511 1079 604 1147; x_wconf 87' lang='lat' dir='ltr'><em>orbis</em></span> <span class='ocrx_word' id='word_1_15' title='bbox 628 1088 809 1158; x_wconf 84' lang='lat' dir='ltr'><em>terrarum,</em></span> <span class='ocrx_word' id='word_1_16' title='bbox 829 1078 936 1146; x_wconf 84' lang='lat' dir='ltr'><em>etiam</em></span> <span class='ocrx_word' id='word_1_17' title='bbox 963 1078 1000 1145; x_wconf 91' lang='lat' dir='ltr'><em>in</em></span> <span class='ocrx_word' id='word_1_18' title='bbox 1025 1076 1198 1146; x_wconf 65' lang='lat' dir='ltr'><em>haereticis</em></span> <span class='ocrx_word' id='word_1_19' title='bbox 1223 1077 1408 1144; x_wconf 87' lang='lat' dir='ltr'><em>inventum</em></span> <span class='ocrx_word' id='word_1_20' title='bbox 1426 1075 1555 1144; x_wconf 87' lang='lat' dir='ltr'>Christi</span> 
     </span>
     <span class='ocr_line' id='line_1_5' title="bbox 509 1191 1557 1284; baseline -0.005 -22"><span class='ocrx_word' id='word_1_21' title='bbox 509 1193 723 1284; x_wconf 86' lang='lat' dir='ltr'><em>baptismum</em></span> <span class='ocrx_word' id='word_1_22' title='bbox 751 1214 821 1261; x_wconf 90' lang='lat' dir='ltr'><em>non</em></span> <span class='ocrx_word' id='word_1_23' title='bbox 847 1214 923 1261; x_wconf 82' lang='lat' dir='ltr'><em>esee</em></span> <span class='ocrx_word' id='word_1_24' title='bbox 948 1192 1229 1283; x_wconf 83' lang='lat' dir='ltr'><em>improbandum.</em></span> <span class='ocrx_word' id='word_1_25' title='bbox 1280 1191 1318 1260; x_wconf 90' lang='lat' dir='ltr'><em>Si</em></span> <span class='ocrx_word' id='word_1_26' title='bbox 1349 1198 1467 1259; x_wconf 84' lang='lat' dir='ltr'><em>autem</em></span> <span class='ocrx_word' id='word_1_27' title='bbox 1495 1212 1557 1280; x_wconf 89' lang='lat' dir='ltr'><em>po-</em></span> 
     </span>
     <span class='ocr_line' id='line_1_6' title="bbox 509 1305 1555 1397; baseline -0.003 -22"><span class='ocrx_word' id='word_1_28' title='bbox 509 1316 610 1376; x_wconf 90' lang='lat' dir='ltr'><em>neret</em></span> <span class='ocrx_word' id='word_1_29' title='bbox 637 1307 841 1377; x_wconf 83' lang='lat' dir='ltr'><em>testimonia</em></span> <span class='ocrx_word' id='word_1_30' title='bbox 869 1305 1127 1397; x_wconf 76' lang='lat' dir='ltr'><em>scripturarum</em></span> <span class='ocrx_word' id='word_1_31' title='bbox 1156 1314 1219 1374; x_wconf 83' lang='lat' dir='ltr'><em>aut</em></span> <span class='ocrx_word' id='word_1_32' title='bbox 1246 1315 1369 1374; x_wconf 85' lang='lat' dir='ltr'><em>contra</em></span> <span class='ocrx_word' id='word_1_33' title='bbox 1395 1327 1459 1374; x_wconf 86' lang='lat' dir='ltr'><em>nos</em></span> <span class='ocrx_word' id='word_1_34' title='bbox 1486 1327 1555 1372; x_wconf 87' lang='lat' dir='ltr'><em>non</em></span> 
     </span>
     <span class='ocr_line' id='line_1_7' title="bbox 509 1420 1556 1511; baseline -0.007 -18"><span class='ocrx_word' id='word_1_35' title='bbox 509 1444 597 1504; x_wconf 87' lang='lat' dir='ltr'><em>esee,</em></span> <span class='ocrx_word' id='word_1_36' title='bbox 614 1432 678 1492; x_wconf 82' lang='lat' dir='ltr'><em>sut</em></span> <span class='ocrx_word' id='word_1_37' title='bbox 697 1422 804 1491; x_wconf 83' lang='lat' dir='ltr'><em>etiam</em></span> <span class='ocrx_word' id='word_1_38' title='bbox 827 1443 890 1511; x_wconf 89' lang='lat' dir='ltr'><em>pro</em></span> <span class='ocrx_word' id='word_1_39' title='bbox 915 1420 1017 1490; x_wconf 82' lang='lat' dir='ltr'><em>nobie</em></span> <span class='ocrx_word' id='word_1_40' title='bbox 1043 1443 1118 1490; x_wconf 86' lang='lat' dir='ltr'><em>esse</em></span> <span class='ocrx_word' id='word_1_41' title='bbox 1145 1421 1485 1491; x_wconf 83' lang='lat' dir='ltr'><strong>demonstraremus:</strong></span> <span class='ocrx_word' id='word_1_42' title='bbox 1512 1420 1556 1488; x_wconf 84' lang='lat' dir='ltr'><em>si-</em></span> 
     </span>
     <span class='ocr_line' id='line_1_8' title="bbox 509 1536 1037 1627; baseline -0.006 -20"><span class='ocrx_word' id='word_1_43' title='bbox 509 1547 571 1607; x_wconf 83' lang='lat' dir='ltr'><em>cut</em></span> <span class='ocrx_word' id='word_1_44' title='bbox 588 1560 671 1606; x_wconf 83' lang='lat' dir='ltr'><em>ecoe</em></span> <span class='ocrx_word' id='word_1_45' title='bbox 688 1537 748 1627; x_wconf 90' lang='lat' dir='ltr'><em>qui</em></span> <span class='ocrx_word' id='word_1_46' title='bbox 767 1558 850 1604; x_wconf 87' lang='lat' dir='ltr'><em>eum</em></span> <span class='ocrx_word' id='word_1_47' title='bbox 867 1536 1037 1626; x_wconf 85' lang='lat' dir='ltr'><em>sequitur.</em></span> 
     </span>
    </p>

    <p class='ocr_par' dir='ltr' id='par_1_3' title="bbox 561 1645 1556 1732">
     <span class='ocr_line' id='line_1_9' title="bbox 561 1645 1556 1732; baseline -0.005 -12"><span class='ocrx_word' id='word_1_48' title='bbox 561 1646 724 1732; x_wconf 74' lang='lat' dir='ltr'><em>(³Lucius</em></span> <span class='ocrx_word' id='word_1_49' title='bbox 745 1672 766 1719; x_wconf 85' lang='lat' dir='ltr'><em>a</em></span> <span class='ocrx_word' id='word_1_50' title='bbox 783 1649 907 1718; x_wconf 82' lang='lat' dir='ltr'><em>Castro</em></span> <span class='ocrx_word' id='word_1_51' title='bbox 926 1647 1050 1718; x_wconf 79' lang='lat' dir='ltr'>Galbae</span> <span class='ocrx_word' id='word_1_52' title='bbox 1074 1649 1184 1717; x_wconf 85' lang='lat' dir='ltr'>dixit:</span> <span class='ocrx_word' id='word_1_53' title='bbox 1213 1647 1301 1720; x_wconf 84' lang='lat' dir='ltr'><em>Cum</em></span> <span class='ocrx_word' id='word_1_54' title='bbox 1320 1645 1493 1716; x_wconf 77' lang='lat' dir='ltr'><em>Dominus</em></span> <span class='ocrx_word' id='word_1_55' title='bbox 1519 1648 1556 1715; x_wconf 91' lang='lat' dir='ltr'><em>in</em></span> 
     </span>
    </p>

    <p class='ocr_par' dir='ltr' id='par_1_4' title="bbox 431 1760 1556 1862">
     <span class='ocr_line' id='line_1_10' title="bbox 431 1760 1556 1862; baseline -0.006 -26"><span class='ocrx_word' id='word_1_56' title='bbox 431 1804 472 1837; x_wconf 66' lang='grc' dir='ltr'><em>,ι</em></span> <span class='ocrx_word' id='word_1_57' title='bbox 509 1764 699 1862; x_wconf 75' lang='lat' dir='ltr'><em>Ecanpclio</em></span> <span class='ocrx_word' id='word_1_58' title='bbox 715 1788 778 1835; x_wconf 87' lang='lat' dir='ltr'><em>sno</em></span> <span class='ocrx_word' id='word_1_59' title='bbox 794 1763 934 1841; x_wconf 79' lang='lat' dir='ltr'><em>dicerit,</em></span> <span class='ocrx_word' id='word_1_60' title='bbox 963 1761 1029 1833; x_wconf 91' lang='lat' dir='ltr'><em>Vos</em></span> <span class='ocrx_word' id='word_1_61' title='bbox 1055 1764 1135 1832; x_wconf 88' lang='lat' dir='ltr'><em>estis</em></span> <span class='ocrx_word' id='word_1_62' title='bbox 1160 1760 1362 1839; x_wconf 73' lang='lat' dir='ltr'><em>salterrae:</em></span> <span class='ocrx_word' id='word_1_63' title='bbox 1388 1763 1421 1830; x_wconf 89' lang='lat' dir='ltr'><em>si</em></span> <span class='ocrx_word' id='word_1_64' title='bbox 1445 1769 1556 1829; x_wconf 78' lang='lat' dir='ltr'><em>cirtem</em></span> 
     </span>
    </p>

    <p class='ocr_par' dir='ltr' id='par_1_5' title="bbox 349 1866 1557 1973">
     <span class='ocr_line' id='line_1_11' title="bbox 349 1866 1557 1973; baseline -0.002 -25"><span class='ocrx_word' id='word_1_65' title='bbox 349 1866 358 1898; x_wconf 92' lang='lat'>¹</span> <span class='ocrx_word' id='word_1_66' title='bbox 379 1885 386 1899; x_wconf 80' lang='lat'><strong>‘</strong></span> <span class='ocrx_word' id='word_1_67' title='bbox 508 1877 564 1949; x_wconf 90' lang='lat' dir='ltr'><em>sal</em></span> <span class='ocrx_word' id='word_1_68' title='bbox 578 1877 786 1973; x_wconf 82' lang='lat' dir='ltr'><em>infatuatam</em></span> <span class='ocrx_word' id='word_1_69' title='bbox 798 1875 927 1971; x_wconf 76' lang='lat' dir='ltr'><em>feccrit,</em></span> <span class='ocrx_word' id='word_1_70' title='bbox 945 1875 985 1946; x_wconf 86' lang='lat' dir='ltr'><em>id</em></span> <span class='ocrx_word' id='word_1_71' title='bbox 1001 1876 1092 1970; x_wconf 80' lang='lat' dir='ltr'><em>qnod</em></span> <span class='ocrx_word' id='word_1_72' title='bbox 1111 1874 1255 1947; x_wconf 87' lang='lat' dir='ltr'><em>sclietnr</em></span> <span class='ocrx_word' id='word_1_73' title='bbox 1272 1900 1316 1945; x_wconf 79' lang='lat' dir='ltr'><em>ar</em></span> <span class='ocrx_word' id='word_1_74' title='bbox 1337 1899 1384 1957; x_wconf 90' lang='lat' dir='ltr'><em>eo,</em></span> <span class='ocrx_word' id='word_1_75' title='bbox 1402 1874 1450 1945; x_wconf 87' lang='lat' dir='ltr'><em>cd</em></span> <span class='ocrx_word' id='word_1_76' title='bbox 1466 1873 1557 1945; x_wconf 78' lang='lat' dir='ltr'><em>nilsi-</em></span> 
     </span>
    </p>

    <p class='ocr_par' dir='ltr' id='par_1_6' title="bbox 508 1988 1555 2085">
     <span class='ocr_line' id='line_1_12' title="bbox 508 1988 1555 2085; baseline -0.005 -21"><span class='ocrx_word' id='word_1_77' title='bbox 508 1992 579 2065; x_wconf 87' lang='lat' dir='ltr'><em>lnm</em></span> <span class='ocrx_word' id='word_1_78' title='bbox 597 1993 728 2076; x_wconf 80' lang='lat' dir='ltr'><em>valebit,</em></span> <span class='ocrx_word' id='word_1_79' title='bbox 745 1995 817 2062; x_wconf 86' lang='lat' dir='ltr'><em>nisi</em></span> <span class='ocrx_word' id='word_1_80' title='bbox 834 2001 871 2062; x_wconf 85' lang='lat' dir='ltr'><em>nt</em></span> <span class='ocrx_word' id='word_1_81' title='bbox 886 1991 1222 2085; x_wconf 71' lang='lat' dir='ltr'><em>projiciatnrsmas,</em></span> <span class='ocrx_word' id='word_1_82' title='bbox 1240 1999 1271 2060; x_wconf 85' lang='lat' dir='ltr'><em>et</em></span> <span class='ocrx_word' id='word_1_83' title='bbox 1287 1989 1498 2061; x_wconf 77' lang='lat' dir='ltr'><em>conculcetur</em></span> <span class='ocrx_word' id='word_1_84' title='bbox 1514 1988 1555 2060; x_wconf 85' lang='lat' dir='ltr'><em>ab</em></span> 
     </span>
    </p>

    <p class='ocr_par' dir='ltr' id='par_1_7' title="bbox 509 2107 1555 2199">
     <span class='ocr_line' id='line_1_13' title="bbox 509 2107 1555 2199; baseline -0.004 -20"><span class='ocrx_word' id='word_1_85' title='bbox 509 2107 723 2179; x_wconf 74' lang='lat' dir='ltr'><em>nominibus:</em></span> <span class='ocrx_word' id='word_1_86' title='bbox 751 2116 783 2178; x_wconf 89' lang='lat' dir='ltr'><em>et</em></span> <span class='ocrx_word' id='word_1_87' title='bbox 808 2109 932 2177; x_wconf 81' lang='lat' dir='ltr'><em>iternm</em></span> <span class='ocrx_word' id='word_1_88' title='bbox 952 2115 1033 2199; x_wconf 83' lang='lat' dir='ltr'><em>post</em></span> <span class='ocrx_word' id='word_1_89' title='bbox 1054 2109 1334 2178; x_wconf 78' lang='lat' dir='ltr'><em>resurrectionem</em></span> <span class='ocrx_word' id='word_1_90' title='bbox 1358 2130 1453 2175; x_wconf 85' lang='lat' dir='ltr'><em>snam</em></span> <span class='ocrx_word' id='word_1_91' title='bbox 1479 2108 1555 2175; x_wconf 86' lang='lat' dir='ltr'><em>rnit-</em></span> 
     </span>
    </p>

    <p class='ocr_par' dir='ltr' id='par_1_8' title="bbox 347 2219 1555 2319">
     <span class='ocr_line' id='line_1_14' title="bbox 347 2219 1555 2319; baseline 0.002 -32"><span class='ocrx_word' id='word_1_92' title='bbox 347 2238 439 2319; x_wconf 62' lang='lat' dir='ltr'><em>Masrn.</em></span> <span class='ocrx_word' id='word_1_93' title='bbox 510 2232 582 2294; x_wconf 88' lang='lat' dir='ltr'><em>tens</em></span> <span class='ocrx_word' id='word_1_94' title='bbox 599 2221 783 2317; x_wconf 79' lang='lat' dir='ltr'><em>Apostolos</em></span> <span class='ocrx_word' id='word_1_95' title='bbox 799 2246 878 2292; x_wconf 85' lang='lat' dir='ltr'><em>snos</em></span> <span class='ocrx_word' id='word_1_96' title='bbox 904 2222 1129 2308; x_wconf 64' lang='lat' dir='ltr'><em>marsdcccril</em></span> <span class='ocrx_word' id='word_1_97' title='bbox 1147 2223 1272 2299; x_wconf 79' lang='lat' dir='ltr'><em>dicein,</em></span> <span class='ocrx_word' id='word_1_98' title='bbox 1290 2221 1387 2292; x_wconf 86' lang='lat' dir='ltr'><em>Data</em></span> <span class='ocrx_word' id='word_1_99' title='bbox 1404 2231 1452 2291; x_wconf 85' lang='lat' dir='ltr'><em>est</em></span> <span class='ocrx_word' id='word_1_100' title='bbox 1470 2219 1555 2291; x_wconf 70' lang='lat' dir='ltr'><em>anili</em></span> 
     </span>
    </p>

    <p class='ocr_par' dir='ltr' id='par_1_9' title="bbox 345 2304 1556 2434">
     <span class='ocr_line' id='line_1_15' title="bbox 345 2304 1556 2434; baseline -0.002 -25"><span class='ocrx_word' id='word_1_101' title='bbox 345 2320 430 2352; x_wconf 56' lang='grc' dir='ltr'><em>Μ’</em></span> <span class='ocrx_word' id='word_1_102' title='bbox 445 2304 483 2353; x_wconf 72' lang='lat'><em>¹⁸⁸</em></span> <span class='ocrx_word' id='word_1_103' title='bbox 510 2340 622 2409; x_wconf 86' lang='lat' dir='ltr'><em>omnis</em></span> <span class='ocrx_word' id='word_1_104' title='bbox 645 2345 791 2432; x_wconf 86' lang='lat' dir='ltr'><em>potestas</em></span> <span class='ocrx_word' id='word_1_105' title='bbox 816 2339 854 2408; x_wconf 89' lang='lat' dir='ltr'><em>in</em></span> <span class='ocrx_word' id='word_1_106' title='bbox 878 2337 961 2409; x_wconf 82' lang='lat' dir='ltr'><em>coelo</em></span> <span class='ocrx_word' id='word_1_107' title='bbox 982 2348 1013 2408; x_wconf 91' lang='lat' dir='ltr'><em>et</em></span> <span class='ocrx_word' id='word_1_108' title='bbox 1031 2341 1068 2409; x_wconf 89' lang='lat' dir='ltr'><em>in</em></span> <span class='ocrx_word' id='word_1_109' title='bbox 1086 2348 1202 2417; x_wconf 89' lang='lat' dir='ltr'><em>terrc,·</em></span> <span class='ocrx_word' id='word_1_110' title='bbox 1227 2340 1273 2408; x_wconf 86' lang='lat' dir='ltr'><em>ite</em></span> <span class='ocrx_word' id='word_1_111' title='bbox 1290 2362 1380 2434; x_wconf 76' lang='lat' dir='ltr'><em>erpo,</em></span> <span class='ocrx_word' id='word_1_112' title='bbox 1398 2347 1428 2408; x_wconf 85' lang='lat' dir='ltr'><em>et</em></span> <span class='ocrx_word' id='word_1_113' title='bbox 1445 2338 1556 2407; x_wconf 85' lang='lat' dir='ltr'><em>docete</em></span> 
     </span>
    </p>

    <p class='ocr_par' dir='ltr' id='par_1_10' title="bbox 508 2450 1556 2549">
     <span class='ocr_line' id='line_1_16' title="bbox 508 2450 1556 2549; baseline -0.004 -25"><span class='ocrx_word' id='word_1_114' title='bbox 508 2476 623 2524; x_wconf 75' lang='lat' dir='ltr'><em>manes</em></span> <span class='ocrx_word' id='word_1_115' title='bbox 636 2461 763 2549; x_wconf 84' lang='lat' dir='ltr'><em>pentes,</em></span> <span class='ocrx_word' id='word_1_116' title='bbox 776 2451 986 2547; x_wconf 78' lang='lat' dir='ltr'><em>baptizantes</em></span> <span class='ocrx_word' id='word_1_117' title='bbox 1003 2478 1058 2524; x_wconf 88' lang='lat' dir='ltr'><em>cos</em></span> <span class='ocrx_word' id='word_1_118' title='bbox 1076 2456 1114 2523; x_wconf 91' lang='lat' dir='ltr'><em>in</em></span> <span class='ocrx_word' id='word_1_119' title='bbox 1132 2455 1269 2524; x_wconf 86' lang='lat' dir='ltr'><em>nornine</em></span> <span class='ocrx_word' id='word_1_120' title='bbox 1281 2452 1405 2523; x_wconf 88' lang='lat' dir='ltr'><em>Patris</em></span> <span class='ocrx_word' id='word_1_121' title='bbox 1421 2460 1452 2521; x_wconf 90' lang='lat' dir='ltr'><em>et</em></span> <span class='ocrx_word' id='word_1_122' title='bbox 1465 2450 1556 2522; x_wconf 80' lang='lat' dir='ltr'><em>Filii</em></span> 
     </span>
    </p>

    <p class='ocr_par' dir='ltr' id='par_1_11' title="bbox 507 2545 1555 2662">
     <span class='ocr_line' id='line_1_17' title="bbox 507 2545 1555 2662; baseline -0.003 -25"><span class='ocrx_word' id='word_1_123' title='bbox 507 2576 540 2637; x_wconf 85' lang='lat' dir='ltr'><em>et</em></span> <span class='ocrx_word' id='word_1_124' title='bbox 555 2566 849 2662; x_wconf 78' lang='lat' dir='ltr'><em>Spiritus-sancti.</em></span> <span class='ocrx_word' id='word_1_125' title='bbox 903 2566 1016 2655; x_wconf 58' lang='lat' dir='ltr'><em>&amp;curn</em></span> <span class='ocrx_word' id='word_1_126' title='bbox 1034 2589 1114 2662; x_wconf 77' lang='lat' dir='ltr'><em>erpo</em></span> <span class='ocrx_word' id='word_1_127' title='bbox 1137 2565 1355 2662; x_wconf 83' lang='lat' dir='ltr'><em>manifestam</em></span> <span class='ocrx_word' id='word_1_128' title='bbox 1370 2545 1426 2636; x_wconf 71' lang='lat' dir='ltr'><em>¹sit</em></span> <span class='ocrx_word' id='word_1_129' title='bbox 1448 2564 1555 2635; x_wconf 78' lang='lat' dir='ltr'><em>lacere-</em></span> 
     </span>
    </p>

    <p class='ocr_par' dir='ltr' id='par_1_12' title="bbox 508 2680 1555 2779">
     <span class='ocr_line' id='line_1_18' title="bbox 508 2680 1555 2779; baseline 0 -27"><span class='ocrx_word' id='word_1_130' title='bbox 508 2685 600 2765; x_wconf 88' lang='lat' dir='ltr'><em>ticos‚</em></span> <span class='ocrx_word' id='word_1_131' title='bbox 625 2681 665 2753; x_wconf 81' lang='lat' dir='ltr'><em>icl</em></span> <span class='ocrx_word' id='word_1_132' title='bbox 689 2690 746 2763; x_wconf 88' lang='lat' dir='ltr'><em>cst,</em></span> <span class='ocrx_word' id='word_1_133' title='bbox 769 2680 878 2752; x_wconf 76' lang='lat' dir='ltr'><em>nostes</em></span> <span class='ocrx_word' id='word_1_134' title='bbox 897 2680 1042 2761; x_wconf 77' lang='lat' dir='ltr'><em>Christi,</em></span> <span class='ocrx_word' id='word_1_135' title='bbox 1060 2705 1129 2753; x_wconf 89' lang='lat' dir='ltr'><em>non</em></span> <span class='ocrx_word' id='word_1_136' title='bbox 1156 2684 1323 2779; x_wconf 76' lang='lat' dir='ltr'><em>inteprcm</em></span> <span class='ocrx_word' id='word_1_137' title='bbox 1349 2684 1555 2753; x_wconf 71' lang='lat' dir='ltr'><em>sacramenti</em></span> 
     </span>
    </p>

    <p class='ocr_par' dir='ltr' id='par_1_13' title="bbox 507 2792 1555 2889">
     <span class='ocr_line' id='line_1_19' title="bbox 507 2792 1555 2889; baseline -0.003 -23"><span class='ocrx_word' id='word_1_138' title='bbox 507 2793 749 2889; x_wconf 83' lang='lat' dir='ltr'><em>consessionem</em></span> <span class='ocrx_word' id='word_1_139' title='bbox 768 2792 911 2865; x_wconf 74' lang='lat' dir='ltr'><em>habere:</em></span> <span class='ocrx_word' id='word_1_140' title='bbox 939 2798 1018 2866; x_wconf 85' lang='lat' dir='ltr'><em>item</em></span> <span class='ocrx_word' id='word_1_141' title='bbox 1035 2795 1266 2867; x_wconf 80' lang='lat' dir='ltr'><em>schismaticos</em></span> <span class='ocrx_word' id='word_1_142' title='bbox 1281 2818 1349 2866; x_wconf 88' lang='lat' dir='ltr'><em>non</em></span> <span class='ocrx_word' id='word_1_143' title='bbox 1360 2818 1460 2889; x_wconf 90' lang='lat' dir='ltr'><em>posse</em></span> <span class='ocrx_word' id='word_1_144' title='bbox 1477 2818 1555 2865; x_wconf 87' lang='lat' dir='ltr'><em>con·</em></span> 
     </span>
    </p>

    <p class='ocr_par' dir='ltr' id='par_1_14' title="bbox 507 2909 1554 3006">
     <span class='ocr_line' id='line_1_20' title="bbox 507 2909 1554 3006; baseline 0.001 -27"><span class='ocrx_word' id='word_1_145' title='bbox 507 2909 584 2980; x_wconf 82' lang='lat' dir='ltr'><em>cliro</em></span> <span class='ocrx_word' id='word_1_146' title='bbox 612 2912 783 3005; x_wconf 87' lang='lat' dir='ltr'><em>sapientia</em></span> <span class='ocrx_word' id='word_1_147' title='bbox 812 2911 977 3005; x_wconf 81' lang='lat' dir='ltr'><em>spiritali,</em></span> <span class='ocrx_word' id='word_1_148' title='bbox 1003 2936 1106 3006; x_wconf 80' lang='lat' dir='ltr'><em>qrcnrn</em></span> <span class='ocrx_word' id='word_1_149' title='bbox 1133 2914 1202 3006; x_wconf 87' lang='lat' dir='ltr'><em>ipsi</em></span> <span class='ocrx_word' id='word_1_150' title='bbox 1228 2911 1270 2982; x_wconf 86' lang='lat' dir='ltr'><em>ab</em></span> <span class='ocrx_word' id='word_1_151' title='bbox 1287 2909 1453 2992; x_wconf 85' lang='lat' dir='ltr'><em>Ecclesia,</em></span> <span class='ocrx_word' id='word_1_152' title='bbox 1479 2934 1554 3004; x_wconf 76' lang='lat' dir='ltr'><em>qnoe</em></span> 
     </span>
    </p>

    <p class='ocr_par' dir='ltr' id='par_1_15' title="bbox 508 3025 1556 3123">
     <span class='ocr_line' id='line_1_21' title="bbox 508 3025 1556 3123; baseline -0.001 -27"><span class='ocrx_word' id='word_1_153' title='bbox 508 3049 577 3096; x_wconf 84' lang='lat' dir='ltr'><em>nna</em></span> <span class='ocrx_word' id='word_1_154' title='bbox 599 3034 656 3108; x_wconf 87' lang='lat' dir='ltr'><em>cst,</em></span> <span class='ocrx_word' id='word_1_155' title='bbox 675 3026 859 3097; x_wconf 84' lang='lat' dir='ltr'><em>recedendo</em></span> <span class='ocrx_word' id='word_1_156' title='bbox 882 3025 1050 3121; x_wconf 84' lang='lat' dir='ltr'><em>infatuati</em></span> <span class='ocrx_word' id='word_1_157' title='bbox 1074 3030 1244 3099; x_wconf 88' lang='lat' dir='ltr'><em>contrarii</em></span> <span class='ocrx_word' id='word_1_158' title='bbox 1258 3027 1355 3123; x_wconf 89' lang='lat' dir='ltr'><em>sacti</em></span> <span class='ocrx_word' id='word_1_159' title='bbox 1378 3030 1470 3105; x_wconf 88' lang='lat' dir='ltr'><em>sint,·</em></span> <span class='ocrx_word' id='word_1_160' title='bbox 1485 3027 1556 3119; x_wconf 82' lang='lat' dir='ltr'><em>flat</em></span> 
     </span>
    </p>

    <p class='ocr_par' dir='ltr' id='par_1_16' title="bbox 346 3139 1565 3239">
     <span class='ocr_line' id='line_1_22' title="bbox 346 3139 1565 3239; baseline -0.002 -23"><span class='ocrx_word' id='word_1_161' title='bbox 346 3142 786 3234; x_wconf 64' lang='lat' dir='ltr'><em>em.11v.9rsiccctscr·iptum</em></span> <span class='ocrx_word' id='word_1_162' title='bbox 812 3149 871 3223; x_wconf 88' lang='lat' dir='ltr'><em>est,</em></span> <span class='ocrx_word' id='word_1_163' title='bbox 889 3140 1024 3212; x_wconf 81' lang='lat' dir='ltr'><em>Dorcas</em></span> <span class='ocrx_word' id='word_1_164' title='bbox 1049 3145 1303 3213; x_wconf 80' lang='lat' dir='ltr'><em>contrariorum</em></span> <span class='ocrx_word' id='word_1_165' title='bbox 1330 3142 1414 3239; x_wconf 74' lang='lat' dir='ltr'><em>lepis</em></span> <span class='ocrx_word' id='word_1_166' title='bbox 1439 3139 1565 3213; x_wconf 86' lang='lat' dir='ltr'><em>debent.</em></span> 
     </span>
    </p>

    <p class='ocr_par' dir='ltr' id='par_1_17' title="bbox 344 3244 1555 3352">
     <span class='ocr_line' id='line_1_23' title="bbox 344 3244 1555 3352; baseline 0 -28"><span class='ocrx_word' id='word_1_167' title='bbox 344 3244 466 3280; x_wconf 68' lang='lat' dir='ltr'><em>maxx.</em></span> <span class='ocrx_word' id='word_1_168' title='bbox 507 3254 802 3325; x_wconf 81' lang='lat' dir='ltr'><em>emandationem.-</em></span> <span class='ocrx_word' id='word_1_169' title='bbox 830 3264 862 3325; x_wconf 85' lang='lat' dir='ltr'><em>et</em></span> <span class='ocrx_word' id='word_1_170' title='bbox 877 3280 1082 3351; x_wconf 78' lang='lat' dir='ltr'><em>corneqsoens</em></span> <span class='ocrx_word' id='word_1_171' title='bbox 1098 3266 1147 3327; x_wconf 90' lang='lat' dir='ltr'><em>est</em></span> <span class='ocrx_word' id='word_1_172' title='bbox 1163 3281 1219 3328; x_wconf 89' lang='lat' dir='ltr'><em>eos</em></span> <span class='ocrx_word' id='word_1_173' title='bbox 1236 3259 1296 3352; x_wconf 83' lang='lat' dir='ltr'><em>qni</em></span> <span class='ocrx_word' id='word_1_174' title='bbox 1322 3281 1344 3328; x_wconf 90' lang='lat' dir='ltr'><em>a</em></span> <span class='ocrx_word' id='word_1_175' title='bbox 1369 3258 1555 3328; x_wconf 84' lang='lat' dir='ltr'><em>contrariis</em></span> 
     </span>
    </p>

    <p class='ocr_par' dir='ltr' id='par_1_18' title="bbox 505 3369 1554 3578">
     <span class='ocr_line' id='line_1_24' title="bbox 506 3369 1554 3469; baseline -0.002 -28"><span class='ocrx_word' id='word_1_176' title='bbox 506 3369 672 3464; x_wconf 84' lang='lat' dir='ltr'><em>baptizati</em></span> <span class='ocrx_word' id='word_1_177' title='bbox 689 3371 864 3465; x_wconf 78' lang='lat' dir='ltr'><em>inquinati</em></span> <span class='ocrx_word' id='word_1_178' title='bbox 881 3381 961 3442; x_wconf 86' lang='lat' dir='ltr'><em>sant</em></span> <span class='ocrx_word' id='word_1_179' title='bbox 975 3374 1094 3465; x_wconf 81' lang='lat' dir='ltr'><em>primo</em></span> <span class='ocrx_word' id='word_1_180' title='bbox 1106 3375 1268 3469; x_wconf 76' lang='lat' dir='ltr'><em>parpari,</em></span> <span class='ocrx_word' id='word_1_181' title='bbox 1286 3381 1403 3442; x_wconf 83' lang='lat' dir='ltr'><em>ettam</em></span> <span class='ocrx_word' id='word_1_182' title='bbox 1421 3370 1554 3441; x_wconf 69' lang='lat' dir='ltr'><em>donem</em></span> 
     </span>
     <span class='ocr_line' id='line_1_25' title="bbox 505 3482 704 3578; baseline 0.005 -25"><span class='ocrx_word' id='word_1_183' title='bbox 505 3482 704 3578; x_wconf 78' lang='lat' dir='ltr'><em>baptizari.)</em></span> 
     </span>
    </p>

    <p class='ocr_par' dir='ltr' id='par_1_19' title="bbox 558 3598 1556 3694">
     <span class='ocr_line' id='line_1_26' title="bbox 558 3598 1556 3694; baseline 0.001 -27"><span class='ocrx_word' id='word_1_184' title='bbox 558 3598 690 3669; x_wconf 87' lang='lat' dir='ltr'><em>Lucius</em></span> <span class='ocrx_word' id='word_1_185' title='bbox 706 3622 727 3669; x_wconf 84' lang='lat' dir='ltr'><em>a</em></span> <span class='ocrx_word' id='word_1_186' title='bbox 744 3598 869 3670; x_wconf 81' lang='lat' dir='ltr'><em>Castro</em></span> <span class='ocrx_word' id='word_1_187' title='bbox 887 3600 1011 3671; x_wconf 82' lang='lat' dir='ltr'><strong>Galbae</strong></span> <span class='ocrx_word' id='word_1_188' title='bbox 1034 3624 1080 3671; x_wconf 86' lang='lat' dir='ltr'><em>ex</em></span> <span class='ocrx_word' id='word_1_189' title='bbox 1100 3600 1294 3694; x_wconf 83' lang='lat' dir='ltr'><em>Evangelio</em></span> <span class='ocrx_word' id='word_1_190' title='bbox 1319 3602 1438 3692; x_wconf 85' lang='lat' dir='ltr'><em>posuit</em></span> <span class='ocrx_word' id='word_1_191' title='bbox 1455 3600 1556 3669; x_wconf 81' lang='lat' dir='ltr'><em>testi-</em></span> 
     </span>
    </p>

    <p class='ocr_par' dir='ltr' id='par_1_20' title="bbox 374 3713 1557 4264">
     <span class='ocr_line' id='line_1_27' title="bbox 374 3713 1555 3798; baseline -0.002 -13"><span class='ocrx_word' id='word_1_192' title='bbox 374 3753 387 3784; x_wconf 77' lang='lat'><strong>·</strong></span> <span class='ocrx_word' id='word_1_193' title='bbox 447 3754 471 3786; x_wconf 71' lang='lat' dir='ltr'><em>v.</em></span> <span class='ocrx_word' id='word_1_194' title='bbox 506 3714 676 3795; x_wconf 85' lang='lat' dir='ltr'><em>monium,</em></span> <span class='ocrx_word' id='word_1_195' title='bbox 695 3715 835 3784; x_wconf 85' lang='lat' dir='ltr'><em>dicente</em></span> <span class='ocrx_word' id='word_1_196' title='bbox 853 3713 1019 3796; x_wconf 91' lang='lat' dir='ltr'><em>Domino,</em></span> <span class='ocrx_word' id='word_1_197' title='bbox 1047 3713 1113 3786; x_wconf 89' lang='lat' dir='ltr'><em>Vos</em></span> <span class='ocrx_word' id='word_1_198' title='bbox 1135 3716 1216 3786; x_wconf 88' lang='lat' dir='ltr'><em>estis</em></span> <span class='ocrx_word' id='word_1_199' title='bbox 1236 3714 1292 3785; x_wconf 87' lang='lat' dir='ltr'><em>sol</em></span> <span class='ocrx_word' id='word_1_200' title='bbox 1310 3725 1422 3798; x_wconf 71' lang='lat' dir='ltr'><em>terrm,</em></span> <span class='ocrx_word' id='word_1_201' title='bbox 1439 3714 1472 3783; x_wconf 91' lang='lat' dir='ltr'><em>si</em></span> <span class='ocrx_word' id='word_1_202' title='bbox 1492 3737 1555 3783; x_wconf 81' lang='lat' dir='ltr'><em>aa·</em></span> 
     </span>
     <span class='ocr_line' id='line_1_28' title="bbox 376 3826 1557 3925; baseline -0.001 -27"><span class='ocrx_word' id='word_1_203' title='bbox 376 3834 383 3848; x_wconf 80' lang='lat'><em>⁰</em></span> <span class='ocrx_word' id='word_1_204' title='bbox 507 3837 572 3898; x_wconf 84' lang='lat' dir='ltr'><em>tem</em></span> <span class='ocrx_word' id='word_1_205' title='bbox 599 3826 653 3898; x_wconf 87' lang='lat' dir='ltr'><em>sal</em></span> <span class='ocrx_word' id='word_1_206' title='bbox 677 3829 887 3923; x_wconf 84' lang='lat' dir='ltr'><em>infatuatam</em></span> <span class='ocrx_word' id='word_1_207' title='bbox 901 3829 1088 3925; x_wconf 71' lang='lat' dir='ltr'><em>fueritis!</em></span> <span class='ocrx_word' id='word_1_208' title='bbox 1109 3830 1201 3924; x_wconf 81' lang='lat' dir='ltr'><em>qaod</em></span> <span class='ocrx_word' id='word_1_209' title='bbox 1221 3830 1365 3901; x_wconf 78' lang='lat' dir='ltr'><em>salietur</em></span> <span class='ocrx_word' id='word_1_210' title='bbox 1382 3855 1426 3901; x_wconf 79' lang='lat' dir='ltr'><em>ec</em></span> <span class='ocrx_word' id='word_1_211' title='bbox 1443 3853 1491 3913; x_wconf 90' lang='lat' dir='ltr'><em>eo,</em></span> <span class='ocrx_word' id='word_1_212' title='bbox 1508 3827 1557 3898; x_wconf 85' lang='lat' dir='ltr'><em>cd</em></span> 
     </span>
     <span class='ocr_line' id='line_1_29' title="bbox 505 3940 1555 4040; baseline 0.001 -29"><span class='ocrx_word' id='word_1_213' title='bbox 505 3940 598 4012; x_wconf 78' lang='lat' dir='ltr'><em>nilsil</em></span> <span class='ocrx_word' id='word_1_214' title='bbox 619 3942 749 4025; x_wconf 82' lang='lat' dir='ltr'><em>calebit,</em></span> <span class='ocrx_word' id='word_1_215' title='bbox 768 3945 839 4015; x_wconf 79' lang='lat' dir='ltr'><em>nisi</em></span> <span class='ocrx_word' id='word_1_216' title='bbox 864 3954 902 4014; x_wconf 86' lang='lat' dir='ltr'><em>nt</em></span> <span class='ocrx_word' id='word_1_217' title='bbox 922 3945 1134 4038; x_wconf 81' lang='lat' dir='ltr'><em>projiciatur</em></span> <span class='ocrx_word' id='word_1_218' title='bbox 1146 3944 1266 4040; x_wconf 87' lang='lat' dir='ltr'><em>foras,</em></span> <span class='ocrx_word' id='word_1_219' title='bbox 1285 3953 1316 4014; x_wconf 91' lang='lat' dir='ltr'><em>ct</em></span> <span class='ocrx_word' id='word_1_220' title='bbox 1341 3941 1555 4016; x_wconf 80' lang='lat' dir='ltr'><em>conculcetur</em></span> 
     </span>
     <span class='ocr_line' id='line_1_30' title="bbox 504 4054 1555 4151; baseline 0.002 -26"><span class='ocrx_word' id='word_1_221' title='bbox 504 4054 546 4126; x_wconf 84' lang='lat' dir='ltr'><em>ah</em></span> <span class='ocrx_word' id='word_1_222' title='bbox 559 4054 774 4128; x_wconf 81' lang='lat' dir='ltr'><em>lominibns:</em></span> <span class='ocrx_word' id='word_1_223' title='bbox 798 4061 895 4149; x_wconf 85' lang='lat' dir='ltr'><em>quasi</em></span> <span class='ocrx_word' id='word_1_224' title='bbox 915 4083 978 4129; x_wconf 86' lang='lat' dir='ltr'><em>nos</em></span> <span class='ocrx_word' id='word_1_225' title='bbox 994 4061 1154 4131; x_wconf 82' lang='lat' dir='ltr'><em>dicamus</em></span> <span class='ocrx_word' id='word_1_226' title='bbox 1171 4061 1333 4130; x_wconf 88' lang='lat' dir='ltr'><em>homines</em></span> <span class='ocrx_word' id='word_1_227' title='bbox 1350 4061 1444 4151; x_wconf 86' lang='lat' dir='ltr'><em>ipsos</em></span> <span class='ocrx_word' id='word_1_228' title='bbox 1464 4060 1555 4128; x_wconf 82' lang='lat' dir='ltr'><em>fores</em></span> 
     </span>
     <span class='ocr_line' id='line_1_31' title="bbox 504 4172 1551 4264; baseline 0.001 -23"><span class='ocrx_word' id='word_1_229' title='bbox 504 4172 679 4264; x_wconf 83' lang='lat' dir='ltr'><em>projectos</em></span> <span class='ocrx_word' id='word_1_230' title='bbox 696 4173 828 4264; x_wconf 83' lang='lat' dir='ltr'><em>aliquid</em></span> <span class='ocrx_word' id='word_1_231' title='bbox 848 4173 975 4256; x_wconf 86' lang='lat' dir='ltr'><em>volere,</em></span> <span class='ocrx_word' id='word_1_232' title='bbox 994 4174 1048 4244; x_wconf 85' lang='lat' dir='ltr'><em>vel</em></span> <span class='ocrx_word' id='word_1_233' title='bbox 1068 4177 1113 4245; x_wconf 85' lang='lat' dir='ltr'><em>ad</em></span> <span class='ocrx_word' id='word_1_234' title='bbox 1136 4198 1236 4246; x_wconf 84' lang='lat' dir='ltr'><em>suam</em></span> <span class='ocrx_word' id='word_1_235' title='bbox 1254 4174 1310 4244; x_wconf 85' lang='lat' dir='ltr'><em>vel</em></span> <span class='ocrx_word' id='word_1_236' title='bbox 1333 4176 1378 4245; x_wconf 90' lang='lat' dir='ltr'><em>ad</em></span> <span class='ocrx_word' id='word_1_237' title='bbox 1403 4174 1551 4243; x_wconf 79' lang='lat' dir='ltr'><em>aliorum</em></span> 
     </span>
    </p>
   </div>
   <div class='ocr_carea' id='block_1_3' title="bbox 504 4332 1554 4596">
    <p class='ocr_par' dir='ltr' id='par_1_21' title="bbox 504 4332 1554 4596">
     <span class='ocr_line' id='line_1_32' title="bbox 547 4332 1554 4413; baseline 0.003 -24"><span class='ocrx_word' id='word_1_238' title='bbox 547 4332 625 4391; x_wconf 61' lang='lat' dir='ltr'><em>*Hic</em></span> <span class='ocrx_word' id='word_1_239' title='bbox 647 4335 758 4408; x_wconf 77' lang='lat' dir='ltr'><em>adjecta</em></span> <span class='ocrx_word' id='word_1_240' title='bbox 778 4335 846 4391; x_wconf 90' lang='lat' dir='ltr'><em>item</em></span> <span class='ocrx_word' id='word_1_241' title='bbox 869 4335 947 4392; x_wconf 85' lang='lat' dir='ltr'><em>fuere</em></span> <span class='ocrx_word' id='word_1_242' title='bbox 967 4337 996 4392; x_wconf 87' lang='lat' dir='ltr'><em>in</em></span> <span class='ocrx_word' id='word_1_243' title='bbox 1018 4338 1129 4394; x_wconf 82' lang='lat' dir='ltr'><em>Eresmi</em></span> <span class='ocrx_word' id='word_1_244' title='bbox 1151 4339 1275 4395; x_wconf 87' lang='lat' dir='ltr'><em>editione</em></span> <span class='ocrx_word' id='word_1_245' title='bbox 1300 4349 1329 4395; x_wconf 84' lang='lat' dir='ltr'><em>et</em></span> <span class='ocrx_word' id='word_1_246' title='bbox 1351 4337 1554 4413; x_wconf 78' lang='lat' dir='ltr'><em>posterioribus</em></span> 
     </span>
     <span class='ocr_line' id='line_1_33' title="bbox 504 4427 1554 4502; baseline 0.005 -20"><span class='ocrx_word' id='word_1_247' title='bbox 504 4427 582 4483; x_wconf 83' lang='lat' dir='ltr'><em>libris</em></span> <span class='ocrx_word' id='word_1_248' title='bbox 596 4427 682 4483; x_wconf 82' lang='lat' dir='ltr'><em>verbs</em></span> <span class='ocrx_word' id='word_1_249' title='bbox 699 4427 786 4492; x_wconf 85' lang='lat' dir='ltr'><em>Lucii,</em></span> <span class='ocrx_word' id='word_1_250' title='bbox 807 4448 869 4502; x_wconf 79' lang='lat' dir='ltr'><em>quae</em></span> <span class='ocrx_word' id='word_1_251' title='bbox 891 4440 957 4486; x_wconf 86' lang='lat' dir='ltr'><em>ante</em></span> <span class='ocrx_word' id='word_1_252' title='bbox 979 4431 1096 4489; x_wconf 78' lang='lat' dir='ltr'><em>aberent</em></span> <span class='ocrx_word' id='word_1_253' title='bbox 1117 4434 1153 4490; x_wconf 85' lang='lat' dir='ltr'><em>ab</em></span> <span class='ocrx_word' id='word_1_254' title='bbox 1168 4435 1233 4489; x_wconf 81' lang='lat' dir='ltr'><em>Am.</em></span> <span class='ocrx_word' id='word_1_255' title='bbox 1249 4443 1277 4489; x_wconf 88' lang='lat' dir='ltr'><em>et</em></span> <span class='ocrx_word' id='word_1_256' title='bbox 1292 4432 1383 4490; x_wconf 86' lang='lat' dir='ltr'>MSS.</span> <span class='ocrx_word' id='word_1_257' title='bbox 1427 4430 1554 4502; x_wconf 79' lang='lat' dir='ltr'><em>(Omissa</em></span> 
     </span>
     <span class='ocr_line' id='line_1_34' title="bbox 505 4523 1048 4596; baseline 0.011 -18"><span class='ocrx_word' id='word_1_258' title='bbox 505 4534 571 4580; x_wconf 85' lang='lat' dir='ltr'><em>sunt</em></span> <span class='ocrx_word' id='word_1_259' title='bbox 585 4523 664 4579; x_wconf 87' lang='lat' dir='ltr'><em>Lucii</em></span> <span class='ocrx_word' id='word_1_260' title='bbox 679 4524 765 4580; x_wconf 83' lang='lat' dir='ltr'><em>verbs</em></span> <span class='ocrx_word' id='word_1_261' title='bbox 778 4525 807 4580; x_wconf 89' lang='lat' dir='ltr'><em>in</em></span> <span class='ocrx_word' id='word_1_262' title='bbox 822 4526 892 4582; x_wconf 86' lang='lat' dir='ltr'><em>meis</em></span> <span class='ocrx_word' id='word_1_263' title='bbox 906 4525 1048 4596; x_wconf 75' lang='lat' dir='ltr'><em>Msstis.)</em></span> 
     </span>
    </p>
   </div>
   <div class='ocr_carea' id='block_1_4' title="bbox 0 0 1914 5692">
    <p class='ocr_par' dir='ltr' id='par_1_22' title="bbox 0 0 1914 5692">
     <span class='ocr_line' id='line_1_35' title="bbox 0 0 1914 5692; baseline 0 0"><span class='ocrx_word' id='word_1_264' title='bbox 0 0 1914 5692; x_wconf 95' lang='lat' dir='ltr'><em> </em></span> 
     </span>
    </p>
   </div>
  </div>
 </body>
</html>
