3817 5692
622 696 687 758 DE
711 694 1094 759 REBAPTISMATE
1119 695 1278 759 LIBER.
1410 698 1475 766 319

478 868 569 939 XII.
597 869 649 940 Et
666 891 777 960 nsque
794 869 882 939 adeo
900 891 1006 939 omne
1021 867 1110 939 iilud
1128 868 1373 939 haereticorum
1391 872 1476 963 bap·

428 986 533 1056 tisma
549 985 792 1055 intercedente
815 983 933 1077 aliquo
958 983 1144 1054 intervallo
1162 986 1331 1078 temporis
1350 986 1475 1079 corrigi

427 1109 556 1193 potest,
582 1100 611 1169 si
637 1101 715 1191 quis
739 1101 975 1192 supervixerit
1000 1108 1038 1169 et
1064 1100 1172 1170 fidem
1198 1102 1399 1184 correxerit,
1419 1108 1477 1171 ¹ut

429 1216 546 1285 Deum
572 1224 733 1287 nostrum
763 1217 799 1285 in
823 1215 1018 1309 Evangelio
1048 1217 1242 1286 secundum
1269 1216 1406 1286 Lucam
1430 1218 1476 1287 ad

427 1331 617 1423 discipulos
634 1353 714 1401 snos
732 1330 872 1402 locutus
889 1341 944 1402 est
962 1332 1093 1414 dicens,
1110 1329 1232 1401 Habeo
1249 1340 1360 1402 autem
1378 1330 1478 1402 aliod
1486 1344 1639 1408 lncxiito·

427 1443 596 1538 baptisma
629 1444 811 1540 baptizari.
874 1446 971 1516 Item
1004 1447 1199 1517 secundum
1230 1445 1397 1517 Marcum
1430 1446 1476 1517 ed

427 1559 519 1630 filios
536 1560 701 1630 Zebedaei
724 1562 849 1630 eadem
870 1561 1007 1630 ratione
1025 1562 1181 1641 'dixerit
1200 1559 1349 1631 Potestis
1365 1558 1563 1633 hiberorum
1574 1599 1600 1632 x.

428 1673 565 1745 codicem
584 1698 680 1769 quem
698 1698 758 1772 epo
770 1673 854 1756 bibo,
868 1685 928 1747 out
942 1674 1143 1769 baptismate
1160 1699 1226 1769 quo
1243 1699 1303 1772 epo
1319 1674 1476 1770 baptizor
1484 1647 1524 1711 ³⁸⁸

427 1787 635 1883 baptizari?
668 1792 762 1882 quod
792 1793 898 1862 sciret
927 1792 1089 1862 homines
1123 1815 1195 1861 non
1228 1791 1343 1862 solum
1374 1815 1476 1884 aqua,

429 1906 676 1975 verumetiam
701 1908 870 2001 sanguine
893 1930 957 1978 suo
980 1908 1120 2000 proprio
1138 1908 1268 1978 habere
1285 1907 1476 2000 baptizari3

427 2020 479 2089 ite
501 2030 542 2089 ut
567 2030 605 2090 et
629 2021 704 2091 solo
729 2021 797 2092 hoc
824 2022 1036 2115 baptismate
1060 2021 1231 2113 baptizati
1255 2022 1362 2092 fidem
1386 2024 1478 2092 inte·

427 2158 527 2227 gram
554 2145 592 2206 et
619 2136 846 2208 dilectionem
877 2138 1050 2208 sinceram
1078 2137 1207 2207 lavacri
1237 2138 1373 2230 possint
1402 2136 1477 2206 adi·

428 2251 535 2340 pisci3
561 2260 598 2320 et
612 2262 761 2345 utroque
774 2253 880 2322 modo
897 2253 1067 2344 baptizari
1080 2276 1090 2335 ;
1113 2275 1213 2344 aeque
1226 2261 1346 2323 tamen
1364 2273 1476 2320 unum

428 2362 604 2456 baptisma
620 2366 760 2437 ’salutis
778 2376 815 2437 et
831 2366 974 2436 honoris
994 2368 1125 2458 pariter
1142 2376 1179 2437 et
1195 2365 1377 2458 aequaliter
1393 2388 1477 2436 con·

427 2482 538 2571 sequi.
590 2481 696 2564 Quod
730 2482 825 2552 enim
860 2481 998 2551 dietum
1027 2491 1082 2551 est
1111 2504 1132 2550 a
1160 2482 1327 2562 Domino,
1354 2479 1476 2551 Habeo
1486 2496 1592 2547 uuam.
1598 2509 1639 2561 ⁵⁰·

428 2594 528 2667 aliud
542 2594 709 2692 baptisma
730 2595 913 2690 baptizari,
931 2598 1000 2666 hoe
1025 2598 1062 2666 in
1088 2596 1166 2666 loco
1192 2619 1264 2666 non
1288 2604 1329 2665 ut
1352 2617 1477 2666 seeun-

429 2714 513 2783 dum
532 2714 776 2806 baptismatae
802 2714 830 2783 si
856 2714 927 2782 sint
951 2714 1021 2782 duo
1039 2713 1262 2805 baptismata,
1276 2712 1476 2805 significat:

428 2829 490 2898 sed
508 2827 652 2899 alterius
670 2851 810 2921 quoque
835 2829 964 2920 speciei
991 2828 1166 2919 baptisma
1189 2828 1233 2896 ud
1257 2827 1407 2897 eandem
1424 2848 1479 2896 sa-

428 2939 541 3010 lutem
573 2964 782 3011 concurrens
807 2942 978 3011 donatum
1008 2942 1110 3011 nobis
1140 2963 1217 3011 esse
1247 2941 1476 3011 demonstrat.

428 3055 543 3139 ⁴Quas
569 3064 735 3147 utrasque
760 3058 894 3147 species
920 3057 966 3126 ab
992 3058 1068 3147 ipso
1087 3054 1242 3125 Domino
1268 3064 1387 3125 nostro
1409 3054 1479 3145 pri-

429 3188 527 3235 mum
566 3165 696 3235 initiari
735 3175 773 3236 et
810 3167 1020 3236 sanctificari
1059 3167 1255 3258 oportebat,
1296 3174 1337 3234 ut
1377 3164 1478 3234 nobis

428 3304 569 3373 quoque
599 3279 778 3363 alterutra,
807 3279 880 3351 sive
911 3291 1062 3373 utraque
1092 3281 1237 3373 species,
1268 3302 1378 3349 unum
1409 3280 1478 3350 hoo

470 3492 477 3516 ¹
492 3496 524 3543 ut
539 3488 630 3544 Deum
645 3496 774 3544 nostrum
789 3487 818 3544 in
833 3487 1005 3563 Evangelio]
1028 3486 1197 3562 Legendum
1216 3493 1315 3542 monet
1329 3484 1433 3550 Feilus.
1448 3492 1478 3541 ut

428 3585 516 3643 Demo
530 3592 659 3660 opnoecat
672 3585 721 3659 qui
734 3584 761 3640 in
771 3584 811 3641 E.
855 3585 989 3641 Baluzius
1002 3603 1080 3651 vero,
1096 3593 1128 3641 ut
1142 3584 1219 3640 Deus
1231 3591 1333 3640 noster.
1375 3582 1477 3639 Malim

428 3701 484 3757 ego
497 3683 629 3746 scribere,
644 3689 675 3737 ut
689 3681 825 3738 Dominus
838 3691 931 3739 noster
945 3683 973 3737 in
990 3682 1024 3737 E.

470 3780 478 3803 ⁸
493 3780 608 3852 dixerit]
626 3779 693 3835 Cor.
708 3780 787 3835 dicit.

469 3876 587 3931 'salutis
611 3882 641 3931 et
664 3875 793 3947 honoris]
818 3875 932 3932 Etenim
956 3875 1083 3950 martyrii
1108 3876 1277 3949 baptismate
1302 3894 1359 3931 non
1385 3876 1477 3931 solum

429 3973 504 4029 solus
518 3981 631 4028 nternae
644 3971 721 4038 vitre,
736 3971 786 4027 sed
800 3980 829 4027 et
842 3991 947 4028 corona
963 3971 1054 4028 datur.
1078 3972 1203 4028 Rrosnr.

469 4076 478 4104 ⁴
493 4068 571 4136 Quas
586 4076 719 4141 utrasque
734 4068 855 4142 specics]
880 4068 1024 4125 Nimirum
1039 4076 1106 4125 ante
1120 4068 1260 4142 baptisma
1274 4066 1383 4124 Christi
1397 4086 1477 4140 aquae

428 4184 485 4221 non
511 4165 655 4221 laverant:
682 4174 748 4220 ante
769 4183 883 4222 crucem
906 4165 1023 4230 Christi,
1047 4166 1164 4241 sanguis
1185 4166 1379 4223 oculaverat.
1401 4164 1478 4238 quod

428 4262 577 4336 utrobique
599 4262 791 4336 accipiendum
814 4270 857 4319 est
879 4262 914 4319 de
928 4262 955 4318 vi
977 4281 1010 4319 ac
1024 4262 1128 4320 virtute
1150 4261 1277 4336 spiritali,
1292 4262 1352 4318 sive
1367 4260 1477 4317 deifica.

429 4359 484 4416 Sed
505 4359 657 4434 improprie
677 4359 731 4416 dici
749 4360 860 4417 videtur
878 4379 895 4416 a
914 4359 1031 4417 Christo
1052 4358 1206 4415 ministrari
1227 4377 1307 4432 aquae
1327 4357 1477 4432 baptisma.

428 4476 492 4513 cum
506 4457 560 4531 ipsi
575 4456 691 4513 Christo
706 4456 741 4512 ab
754 4456 866 4514 Joanne
887 4456 924 4514 sit
945 4456 1145 4513 ministratum.
1191 4453 1262 4510 Inde
1275 4462 1343 4509 nate
1356 4452 1478 4509 varietas

428 4554 574 4628 scripturae
589 4553 704 4618 initiari,
720 4573 771 4627 pro
786 4555 948 4611 ministrari.
992 4552 1054 4610 Etsi
1075 4552 1130 4608 hoc
1151 4550 1218 4608 ferri
1243 4550 1356 4625 quidem
1377 4549 1477 4625 possit.

430 4649 556 4705 Rrosnr.
