3817 5692
802 706 1111 772 DISPUTATIO.
1436 711 1480 777 89

431 880 558 961 ‘Deua
576 880 637 971 qni
667 890 805 951 creator
832 892 887 951 est
915 881 1039 950 animae
1070 902 1171 960 meae,
1195 879 1372 971 quomodo
1398 903 1478 963 non,

430 997 514 1065 dum
533 994 635 1066 alteri
653 997 799 1077 invidet,
816 996 961 1066 alterius
985 996 1081 1087 operi
1102 996 1270 1087 irrogavit
1286 994 1479 1076 infamiam,

431 1119 471 1180 ut
498 1122 561 1181 ant
588 1110 659 1193 ille,
685 1114 745 1202 qui
774 1111 947 1203 templum
975 1111 1120 1191 extruit,
1145 1118 1335 1204 angustum
1362 1111 1478 1193 faciat,

430 1226 481 1294 ita
505 1234 547 1295 ut
574 1248 700 1318 capere
728 1249 798 1296 uon
829 1228 939 1318 possit
965 1228 1058 1318 quod
1086 1224 1303 1296 collocatur?
1329 1234 1391 1295 aut
1418 1224 1479 1296 ille

428 1341 489 1430 qui
519 1341 746 1412 simulacrum
774 1342 871 1424 fecit,
901 1341 1079 1433 quomodo
1108 1362 1179 1409 non
1209 1362 1315 1432 grave
1345 1339 1478 1431 aliquid

430 1455 588 1546 pertulit,
618 1467 657 1526 et
685 1457 933 1549 ponderosum,
964 1480 1035 1547 quo
1065 1454 1275 1535 intromisso,
1304 1455 1478 1546 templum

429 1572 599 1641 continuo
616 1572 845 1642 concideret?
886 1571 1092 1642 Secundum
1109 1571 1186 1652 hoc,
1204 1570 1299 1660 quod
1316 1570 1479 1642 novimus

429 1708 505 1756 esse
530 1687 752 1756 inimicomm
778 1688 904 1768 studia,
930 1683 1213 1778 contemplemur
1237 1685 1327 1767 haec,
1353 1686 1381 1754 si
1407 1707 1479 1754 nou

429 1799 481 1871 ita
496 1824 534 1873 se
550 1803 705 1886 habent3
727 1804 782 1873 sin
805 1812 927 1873 autem
945 1809 1086 1893 oportet
1104 1801 1222 1870 omnia
1238 1800 1361 1870 iisdem
1380 1822 1480 1869 men·

429 1918 526 2000 suris,
537 1919 661 1988 eadem
680 1919 851 2009 aequitate
864 1917 1014 2009 disponi,
1027 1914 1204 2007 similique
1219 1913 1332 2007 gloria
1348 1912 1478 1995 efferri3

429 2033 513 2123 quid
530 2033 646 2104 adhuc
664 2034 709 2103 de
725 2032 793 2102 hoc
811 2031 1039 2102 dubitamus?
1081 2030 1260 2100 Addimus
1280 2036 1431 2111 tantum,
1449 2029 1478 2100 si

429 2147 555 2238 placet,
581 2149 690 2219 etiam
720 2147 809 2218 illud
840 2145 1056 2239 exemplum,
1084 2144 1208 2215 similis
1234 2145 1374 2214 videtur
1402 2167 1478 2216 esse

429 2262 535 2334 homo
559 2266 650 2345 navi,
668 2288 745 2355 quae
766 2266 940 2335 instructa
961 2263 1007 2332 ab
1029 2261 1173 2342 artifice,
1192 2268 1301 2350 utque
1321 2260 1358 2328 in
1381 2283 1478 2331 mare

429 2377 582 2447 deducta
604 2386 669 2460 est,
686 2400 864 2470 quumque
890 2378 1054 2471 navigare
1080 2374 1296 2468 impossibile
1322 2384 1376 2445 est
1402 2376 1478 2444 sine

429 2491 683 2584 gubernaculis,
702 2493 829 2584 quibus
852 2494 926 2588 regi
950 2502 988 2561 et
1009 2491 1103 2561 flecti
1126 2490 1235 2583 possit
1256 2490 1293 2558 in
1315 2511 1478 2579 quaecun-

430 2604 499 2699 que
520 2607 599 2679 loca
616 2608 768 2680 voluerit
790 2612 1006 2704 gubernator
1031 2610 1116 2700 eins.
1168 2608 1217 2677 Et
1242 2608 1325 2698 quia
1351 2608 1476 2676 eodem

429 2724 563 2793 artifice
586 2725 743 2817 indigeat
766 2747 892 2817 corpus
917 2723 1249 2818 gubemaculomm,
1267 2744 1337 2812 qno
1363 2730 1400 2790 et
1424 2731 1478 2790 to-

430 2837 500 2908 tins
516 2840 626 2921 navis,
644 2837 733 2908 nulli
751 2841 899 2911 dubium
917 2849 993 2921 est;
1020 2839 1095 2909 sine
1117 2835 1365 2930 gubernaculis
1382 2838 1477 2906 enim

429 2955 581 3025 otiosum
604 2956 672 3025 erit
695 2978 800 3026 omne
823 2956 922 3025 navis
945 2977 1043 3046 opus,
1063 2969 1189 3045 corpus
1214 2951 1302 3021 illud
1329 2952 1478 3021 immen-

429 3090 516 3141 sum.
569 3070 627 3140 lta
652 3094 736 3164 ergo
766 3072 920 3141 animam
948 3071 1101 3161 corporis
1128 3066 1367 3163 gubernacula
1392 3068 1478 3137 dici-

429 3208 516 3267 mus,
539 3195 710 3279 reguntur
734 3195 855 3256 autem
881 3194 1033 3277 utraque
1058 3184 1193 3256 arbitrii
1219 3194 1327 3275 atque
1352 3184 1477 3253 animae

428 3299 602 3383 libertate,
619 3324 690 3394 quo
709 3300 808 3371 velut
832 3302 1069 3394 gubernatore
1094 3291 1248 3382 utimur3
1275 3309 1368 3390 ³quae
1394 3320 1476 3368 cum

428 3416 791 3508 perconjunctionem
808 3440 919 3487 unum
936 3416 1075 3500 effectu,
1089 3416 1353 3487 consonantiam
1372 3413 1477 3484 officii

428 3531 481 3603 sui
499 3532 683 3602 continent
706 3532 750 3602 ad
775 3555 880 3602 omne
897 3555 996 3624 opus,
1013 3532 1248 3622 quodcunque
1274 3552 1319 3598 ex
1346 3539 1476 3598 semet·

429 3649 512 3740 ipsis
531 3647 700 3732 efficiunt,
717 3649 779 3717 uni
805 3650 940 3718 auctori
967 3659 1004 3716 et
1029 3646 1202 3716 conditori
1230 3646 1474 3715 testimonium

428 3764 557 3833 femut.

478 3878 566 3949 XX.
594 3877 663 3948 His
680 3877 819 3960 auditis,
838 3877 959 3960 turhae,
976 3900 1052 3968 quae
1070 3876 1225 3957 ederant,
1245 3875 1475 3946 vehementer

426 3994 552 4087 gavisae
569 4004 662 4075 sunt,
680 3994 731 4063 ita
749 4001 789 4062 ut
805 4015 896 4084 pene
913 4015 1038 4063 manus
1056 3993 1240 4084 injicerent
1257 3992 1294 4060 in
1313 3989 1473 4073 Manem,

428 4131 515 4201 quos
549 4110 610 4179 vix
643 4107 842 4179 Archelaus
875 4106 1043 4177 cohibens
1077 4119 1115 4175 et
1153 4107 1355 4197 reprimens,
1390 4129 1473 4175 con·

427 4225 606 4315 quiescere
644 4224 741 4294 fecit.
809 4222 833 4291 J
835 4242 965 4293 unross
1002 4242 1207 4304 mxunnnr,
1247 4220 1473 4292 sufficienter

427 4338 582 4408 ostendit
608 4336 805 4408 Archelaus
834 4338 987 4407 hominis
1017 4346 1054 4407 et
1084 4359 1219 4429 corpus,
1250 4346 1288 4405 et
1316 4336 1470 4405 animam

466 4536 527 4593 rln
541 4537 639 4594 codice
653 4536 811 4604 Casiuensi,
826 4537 922 4593 Deum.
947 4537 1012 4608 (for.
1027 4535 1183 4611 reponend.
1198 4535 1283 4602 Deo.)

468 4644 480 4675 ⁸
495 4634 529 4690 ln
542 4633 638 4691 codice
653 4633 802 4691 casinensi
815 4642 868 4698 est,
882 4652 940 4709 que
953 4652 1013 4690 cam
1026 4632 1245 4711 corpuuctioaem.

512 4749 582 4791 von.
597 4749 628 4791 v,
957 4749 978 4787 n
