3817 5692
428 691 494 754 als
624 688 688 750 DE
713 684 1098 749 REBAPTISMATE
1123 623 1284 747 Lluha.

266 872 500 935 Maranittoto
526 862 644 932 animo
670 869 739 944 tun,
756 868 788 930 et
813 858 851 929 ia
873 866 943 929 toto
966 858 1169 955 capitatione
1186 867 1256 928 tun.
1282 865 1323 939 et,
1341 853 1485 953 Diltqes

265 959 372 1009 ³⁷''⁴⁰‘
424 978 627 1073 monimum
646 974 709 1046 tibi
726 983 887 1070 tunquam
905 983 946 1045 te.
999 971 1047 1043 In
1063 971 1119 1042 Ιιίε
1135 973 1226 1043 enim
1243 970 1374 1043 duobus
1386 996 1485 1066 prcc-

430 1096 534 1189 ceptis
551 1101 621 1163 toto
643 1090 700 1162 ten
716 1090 843 1186 pendet
860 1099 891 1161 et
909 1087 1095 1183 prophetea.
1147 1088 1250 1160 Sicut
1266 1098 1305 1158 et
1321 1088 1483 1159 Joauues

269 1231 364 1281 namn.
377 1228 410 1277 iv.
430 1208 647 1302 evangelista
663 1207 759 1289 dicit,
776 1206 826 1277 Et
851 1208 963 1278 onznis
988 1206 1050 1300 qni
1074 1203 1190 1301 ditipit
1214 1229 1259 1275 en
1274 1203 1353 1275 Deo
1379 1212 1483 1273 notras

268 1297 322 1359 ⁷'⁸'
430 1334 489 1407 est,
507 1333 539 1394 et
555 1322 725 1420 capnoscit
742 1319 855 1392 Deum
880 1323 963 1417 qnia
979 1321 1077 1393 Dens
1099 1319 1236 1391 dilectio
1252 1329 1311 1390 est.
1364 1318 1482 1390 Sicuti

266 1449 470 1510 immitet
487 1438 587 1508 Deus
604 1439 664 1519 ait,
682 1435 741 1507 Ito
758 1437 848 1506 enim
866 1435 991 1506 dilatet
1006 1435 1104 1507 Dens
1121 1434 1297 1519 mnndum,
1314 1432 1483 1528 ntfilinni

430 1578 529 1625 sunm
557 1554 695 1623 unicum
721 1550 832 1635 deret,
859 1560 897 1623 nt
919 1552 1032 1622 omnis
1059 1552 1120 1645 qni
1147 1552 1185 1621 ia
1215 1574 1290 1621 eum
1320 1548 1484 1631 crederet,

431 1692 500 1739 non
520 1667 663 1762 periret,
684 1665 745 1736 sed
771 1664 906 1737 haberet
931 1667 1035 1737 eitum
1063 1675 1237 1737 (emmam.
1288 1664 1343 1735 Ut
1368 1666 1483 1734 mani-

432 1786 522 1855 feste
551 1792 696 1876 apparet
722 1805 814 1865 eum,
841 1784 902 1875 qui
927 1783 1020 1853 hano
1047 1782 1216 1875 diligendi
1246 1804 1312 1851 nos
1336 1791 1376 1850 et
1401 1780 1485 1849 dili-

431 1904 538 1996 gendi
571 1925 592 1971 a
620 1901 722 1971 nobis
751 1900 980 1972 dilectionem
1002 1903 1039 1970 iu
1067 1924 1105 1971 se
1130 1924 1201 1969 non
1226 1898 1483 1979 habentinam

433 2019 652 2089 confessione
682 2026 720 2087 et
749 2018 910 2108 passione
944 2017 1033 2087 nihil
1067 2016 1245 2109 proficere.
1284 2022 1409 2105 'quam
1440 2021 1485 2082 ut

431 2134 507 2225 ipsa
524 2140 668 2225 apparet
686 2141 724 2201 et
742 2141 882 2204 constat
898 2134 1104 2204 haereticum
1122 2156 1209 2215 esse,
1227 2131 1287 2222 qui
1310 2131 1346 2199 iu
1369 2128 1485 2199 alium

434 2248 553 2318 Deum
580 2248 709 2329 credat,
737 2249 810 2320 sive
842 2246 1020 2320 Christum
1052 2248 1162 2318 alium
1187 2246 1348 2337 accipiat,
1374 2265 1485 2336 quam

433 2386 539 2455 quem
558 2362 751 2455 Scripturae
768 2366 850 2433 novi
869 2375 906 2435 et
923 2366 1052 2434 veteris
1069 2363 1276 2434 testamenti
1293 2360 1486 2430 manifeste

432 2478 728 2570 praedicantque
748 2485 883 2569 patrem
898 2478 1181 2568 omnipotentem
1194 2481 1389 2545 creatorem
1408 2494 1487 2540 om·

432 2595 532 2663 nium
566 2602 603 2662 et
638 2591 750 2662 filium
785 2593 861 2683 ejus
897 2593 972 2661 sine
1007 2591 1224 2660 obscuritate
1256 2588 1486 2658 annuntiant.

435 2708 587 2779 Eveniet
603 2708 699 2777 enim
715 2707 766 2777 eis
783 2715 825 2776 ut
841 2706 900 2776 alii
918 2706 964 2776 ab
981 2706 1051 2775 alio
1068 2704 1148 2775 Deo
1166 2705 1317 2775 salutem
1335 2711 1487 2796 'expec-

434 2825 535 2905 tanti
553 2832 639 2892 tuno
658 2822 801 2890 demum
819 2830 943 2891 contra
960 2821 1161 2912 opinionem
1183 2842 1283 2891 suam
1300 2842 1321 2890 a
1338 2818 1486 2888 Christo

435 2937 502 3007 Dei
521 2938 629 3028 patris
646 2937 899 3028 omnipotentis
916 2936 1083 3006 creatoris
1099 2935 1182 3018 filio,
1195 2959 1302 3027 quem
1318 2933 1487 3026 blasphe-

433 3061 632 3135 maverunt,
651 3053 687 3122 in
704 3074 845 3144 poenam
863 3061 1034 3121 aetemam
1052 3054 1274 3134 damnentur,
1288 3074 1369 3121 eum
1382 3051 1487 3142 judi-

433 3193 513 3240 care
548 3170 647 3239 Deus
680 3169 827 3261 coeperit
860 3169 1029 3239 absconsa
1060 3167 1255 3249 hominum,
1286 3170 1485 3238 secundum

270 3298 343 3348 Rom·
352 3298 376 3348 ss·
387 3296 424 3348 1⁶·
433 3285 654 3379 evangelium
678 3308 742 3377 per
762 3283 944 3354 Christum
960 3283 1097 3365 Jesum,
1115 3305 1158 3353 eo
1183 3282 1276 3374 quod
1302 3283 1338 3350 in
1364 3283 1484 3374 ipsum

432 3424 504 3471 non
522 3400 755 3480 crediderint3
780 3397 866 3469 licet
882 3398 992 3490 ipsius
1009 3398 1152 3468 nomine
1168 3396 1281 3467 abluti
1298 3398 1379 3468 siut.

474 3672 481 3696 ¹
496 3684 580 3739 quam
595 3676 627 3723 ut
641 3666 702 3741 ipsa
716 3667 845 3741 apparet]
864 3666 1007 3741 Rigaltius
1021 3666 1130 3724 censuit
1144 3667 1183 3724 itu
1195 3665 1403 3724 emendandum
1418 3686 1484 3725 esse

431 3759 508 3818 hunc
522 3763 615 3819 locum
631 3773 663 3820 ut
676 3763 789 3837 legatur
802 3763 872 3819 nihil
886 3764 1024 3838 proficere
1044 3782 1124 3840 qnam
1144 3773 1173 3821 nt
1194 3765 1283 3838 ipsum
1303 3773 1436 3839 appareat
1456 3774 1485 3821 et

431 3867 533 3915 constet
547 3858 700 3916 hereticam
714 3877 779 3915 esse.
822 3858 887 3933 Ego
905 3858 1076 3932 conjicerem
1097 3858 1251 3933 legendum
1273 3877 1335 3915 esse
1356 3860 1483 3933 μυοίη

431 3974 462 4011 re
475 3956 535 4030 ipso
549 3964 662 4031 apparet
680 3964 706 4011 et
728 3963 841 4011 constat.
864 3956 978 4011 Bauuz.
1020 3956 1130 4013 Abesse
1150 3955 1220 4011 mihi
1241 3956 1353 4030 quidem
1369 3955 1484 4013 ridetur

431 4051 590 4109 membrum
611 4050 746 4107 orationis
767 4052 961 4125 praescribens,
976 4052 1017 4108 nil
1037 4051 1107 4108 lucri
1123 4052 1264 4109 facturum
1286 4070 1348 4109 esse
1367 4052 1482 4109 hereti·

431 4167 496 4206 cum
507 4167 543 4205 ex
557 4146 735 4203 confessione
747 4147 861 4212 Christi,
872 4167 935 4205 cum
948 4157 1102 4214 constaret,
1111 4159 1144 4206 ut
1155 4149 1236 4207 alteri
1247 4149 1343 4206 deficit
1353 4148 1482 4216 dilectio,

432 4248 471 4304 ita
485 4254 515 4303 et
529 4244 609 4302 alteri
624 4243 723 4300 deesse
738 4244 833 4301 fidem.
860 4245 948 4302 Porro
963 4245 1084 4304 fortasse
1098 4246 1278 4305 scribendum
1293 4254 1345 4313 est,
1360 4264 1440 4320 qam
1454 4255 1482 4303 et

431 4346 520 4418 aptum
536 4350 650 4417 apparet
664 4360 715 4416 pro
730 4360 808 4416 qnam
825 4351 856 4399 nt
874 4343 933 4418 ipsa
952 4353 1076 4420 apparet.
1120 4344 1179 4402 Sed
1200 4363 1285 4419 supra
1302 4363 1354 4418 pro
1376 4344 1436 4414 illo,
1451 4355 1483 4402 ut

432 4440 575 4513 manifeste
589 4448 702 4515 apparet
716 4439 811 4513 posuit
825 4439 959 4497 Bnluzius
974 4450 1004 4498 nt
1017 4442 1160 4516 manifeste
1173 4450 1325 4518 appareret.

473 4540 481 4562 ¹
496 4536 670 4609 expectanti]
689 4536 711 4593 h*
713 4554 754 4592 or.
770 4545 950 4611 expectantes.
