3817 5692
551 735 615 798 DE
640 734 1021 797 REBAPTISMATE
1045 734 1204 798 LIBER.
1335 734 1400 799 287

352 906 454 977 illum
472 907 685 977 contulimus
709 930 790 978 cum
812 908 936 978 eodem
961 906 1050 977 libro
1069 908 1189 988 veteri,
1208 918 1307 976 etex
1325 907 1401 998 ejus

352 1023 422 1093 fide
439 1024 703 1094 emendavimus
726 1033 763 1093 et
785 1023 1026 1115 supplevimus
1049 1046 1129 1114 quae
1147 1032 1209 1092 aut
1231 1022 1323 1093 male
1340 1046 1402 1114 po·

353 1141 420 1210 sita
436 1149 547 1220 erant,
564 1149 628 1210 aut
645 1140 773 1210 omissa
789 1140 826 1208 in
843 1139 1000 1209 editione
1019 1137 1176 1230 Rigaltii.
1203 1137 1402 1209 Auctorem

353 1254 447 1325 illius
469 1277 545 1325 esse
563 1252 735 1324 Ursinum
758 1253 972 1324 monachum
992 1252 1132 1337 Afrum,
1155 1255 1255 1346 cujus
1277 1254 1404 1324 memi-

352 1370 407 1439 nit
425 1368 631 1438 Gennadius
653 1370 689 1437 in
712 1369 801 1439 libro
819 1370 864 1439 de
883 1369 1121 1461 scriptoribus
1138 1369 1403 1449 ecclesiasticis3

352 1485 492 1553 monuit
510 1482 697 1574 Philippus
715 1483 886 1554 Labbaeus
908 1485 945 1553 in
970 1484 1085 1553 indice
1108 1506 1224 1553 rerum
1243 1508 1323 1576 quae
1341 1509 1404 1554 ex-

354 1607 433 1669 tant
454 1599 492 1667 in
515 1607 613 1667 torno
636 1599 749 1689 primo
773 1597 1025 1670 conciliorum.
1076 1597 1130 1668 At
1151 1599 1245 1668 istud
1272 1600 1402 1691 repulit

355 1712 569 1784 Guillelmus
586 1712 692 1794 Cave,
710 1736 752 1783 eo
775 1716 812 1782 in
834 1713 957 1804 primis
977 1721 1186 1805 argumento
1208 1712 1302 1804 quod
1320 1735 1403 1782 con-

354 1838 438 1914 stet,
456 1838 498 1899 ut
523 1831 598 1921 ipse
622 1829 869 1913 arbitrabatur,
887 1828 988 1898 illum
1011 1829 1180 1919 scriptum
1205 1850 1280 1898 esse
1306 1830 1403 1897 inva-

354 1944 511 2014 lescente
540 1944 656 2014 adhuc
686 1944 929 2035 persecutione
959 1942 1145 2012 adversum
1173 1940 1401 2024 Christianos,

355 2057 506 2129 Ursinus
527 2067 648 2129 autem
675 2058 736 2128 ille
761 2059 821 2150 qui
845 2060 889 2129 de
911 2081 953 2128 ea
978 2058 1127 2127 materia
1147 2057 1285 2148 scripsit
1302 2079 1403 2149 repo-

354 2181 459 2243 natur
484 2197 505 2243 a
531 2173 717 2245 Gennadio
748 2175 841 2243 inter
870 2174 1057 2265 scriptores
1087 2173 1155 2242 aevi
1185 2173 1300 2264 quarti
1325 2173 1402 2262 jam

354 2288 566 2370 desinentis;
592 2298 630 2359 et
652 2289 734 2380 quia
751 2288 956 2360 Gennadius
979 2290 1024 2359 de
1046 2287 1178 2359 Ursino
1203 2310 1311 2382 agens
1332 2301 1403 2359 tra·

356 2402 410 2470 dit
436 2401 537 2471 illum
562 2404 738 2494 scripsisse
766 2404 932 2474 adversus
961 2425 1022 2473 eos
1048 2404 1108 2494 qui
1134 2403 1402 2495 rebaptizandos

353 2517 535 2588 boereticos
560 2517 766 2600 decernunt,
790 2527 828 2588 et
854 2518 1014 2589 docuisse
1040 2519 1306 2610 rebaptizandos
1332 2544 1402 2589 non

353 2655 430 2704 esse
447 2656 507 2703 cos
527 2635 588 2724 qui
614 2635 650 2702 in
673 2635 816 2704 nomine
833 2634 890 2705 vel
908 2634 1115 2725 simpliciter
1132 2632 1273 2714 Christi,
1292 2636 1347 2705 vel
1365 2637 1403 2705 in

353 2748 496 2818 nomine
522 2747 638 2819 Patris
669 2758 706 2819 et
733 2748 816 2818 Filii
843 2758 881 2818 et
907 2749 1060 2841 Spiritus
1087 2749 1219 2832 Sancti,
1244 2753 1403 2841 quamvis

354 2885 462 2954 pravo
483 2884 598 2944 sensu,
621 2864 857 2957 baptizantur,
885 2866 926 2935 iis
952 2875 1072 2935 autem
1100 2874 1179 2958 post
1205 2866 1402 2959 simplicem

298 3064 303 3070 Ι
354 2976 536 3047 Trinitatis
553 2979 809 3050 confessionem
827 2979 987 3050 sufficere
1000 2981 1044 3050 ad
1063 2979 1214 3051 salutem
1233 3004 1402 3052 manuum

355 3093 626 3183 impositionem.
654 3095 759 3178 Quod
771 3096 807 3163 iu
818 3094 1008 3188 Anonymo
1022 3098 1153 3167 diserte
1166 3120 1237 3166 non
1249 3099 1402 3190 reperiri,

355 3209 405 3277 ait
429 3207 643 3279 Guillelmus
666 3209 771 3280 Cave.
823 3209 918 3282 Sane
944 3212 1129 3282 fatendum
1155 3221 1209 3282 est
1236 3214 1404 3284 nonnulla

356 3324 392 3392 in
419 3347 462 3393 eo
488 3347 594 3416 opere
620 3325 702 3419 legi,
721 3349 798 3418 quae
824 3330 970 3397 innuere
994 3328 1159 3397 videntur
1184 3328 1271 3398 illud
1297 3330 1404 3401 fuisse

355 3441 525 3532 scriptum
543 3441 782 3513 invalescente
797 3445 1053 3536 persecutione.
1083 3443 1155 3513 Sed
1169 3456 1403 3537 praeterquam

356 3556 450 3647 quod
466 3558 686 3628 mentionem
703 3559 957 3650 persecutionis
975 3559 1105 3629 factam
1124 3558 1233 3629 fuisse
1253 3563 1405 3653 antiqui-

356 3679 414 3740 tus
444 3673 488 3741 ab
518 3674 560 3742 iis
591 3675 651 3764 qui
679 3674 739 3743 diu
771 3683 851 3765 post
881 3675 1095 3745 exstinctam
1123 3676 1405 3767 persecutionem

357 3787 487 3868 vixere,
505 3810 569 3857 nos
595 3788 680 3858 olim
706 3791 926 3860 ostendimus
951 3792 987 3860 iu
1015 3791 1260 3862 observatione
1286 3802 1406 3863 nostra

358 3901 402 3969 de
434 3908 594 3993 ternpore
623 3903 763 3973 concilii
791 3904 1012 3988 Eliberitaui,
1039 3906 1100 3976 illa
1125 3929 1189 3988 res,
1217 3916 1258 3976 ut
1283 3930 1404 3977 verum

358 4016 481 4099 fatear,
497 4039 556 4086 me
573 4017 676 4088 facile
702 4019 855 4110 impellit
878 4029 919 4089 ut
942 4021 1083 4092 credam
1101 4021 1196 4092 hunc
1214 4031 1405 4094 tractatum

243 4147 249 4154 ’
358 4153 441 4200 vere
467 4153 543 4201 esse
562 4130 693 4215 Ursini,
711 4135 806 4226 quod
832 4135 927 4205 illius
952 4147 1077 4208 auctor
1104 4148 1256 4209 testatur
1281 4162 1318 4209 se
1344 4139 1404 4209 diu

358 4255 438 4338 post
465 4247 643 4339 apostolos
669 4250 856 4341 scripsisse,
871 4260 952 4344 post
976 4261 1024 4323 tot
1046 4252 1248 4325 saecnlorom
1276 4262 1405 4324 tontum

358 4363 492 4432 omina.
546 4363 650 4446 Quod
674 4365 825 4437 arbitror
850 4368 919 4437 dici
946 4392 1016 4437 uon
1043 4372 1198 4460 potuisse
1219 4370 1264 4439 ab
1284 4394 1326 4439 eo
1346 4371 1406 4461 qui

359 4477 553 4569 scripsisset
569 4501 647 4549 aevo
661 4479 836 4574 Cypriani.
875 4481 936 4552 Ab
954 4506 1100 4554 excessu
1119 4484 1213 4552 enim
1231 4484 1407 4575 apostolo·

359 4613 438 4662 rum
461 4615 573 4685 usque
598 4595 642 4663 ad
664 4603 824 4688 tempora
851 4599 962 4668 sancti
981 4584 1146 4690 Cypriani
1169 4598 1227 4666 vix
1249 4599 1406 4668 invenias
