3817 5692
503 709 569 772 158
726 704 981 770 ARCHELAI
1014 704 1078 767 ΕΤ
1112 702 1331 766 MANETIS

491 900 556 992 jus
572 905 631 980 est,
649 905 681 967 et
698 896 771 989 ipse
783 893 850 966 erit
871 894 1059 988 eupoototio
1073 893 1237 991 pontium.
1289 893 1381 983 qQui
1398 892 1552 991 altipubit

502 1013 551 1084 od
573 1012 674 1084 uitem
696 1008 830 1106 puellum
855 1033 965 1092 suum,
984 1018 1015 1080 et
1042 1009 1090 1080 ud
1111 1009 1274 1104 optimam
1297 1011 1397 1081 oitmu
1418 1007 1551 1104 pullum

503 1131 610 1202 asino
627 1152 710 1198 soce.
752 1124 899 1198 Looobit
921 1126 961 1195 in
984 1126 1064 1197 vino
1086 1125 1207 1197 stolum
1228 1149 1335 1209 suum,
1354 1135 1385 1197 et
1410 1126 1449 1196 in
1472 1149 1552 1196 suo-

500 1245 607 1343 puine
620 1264 697 1314 uoce
713 1241 949 1312 indusneotum
967 1263 1078 1311 suum.
1130 1237 1282 1334 ‘Saffim
1304 1238 1395 1310 oculi
1417 1239 1504 1332 ¹pjus
1530 1263 1551 1310 a

504 1360 594 1441 uiuo,
612 1367 644 1430 ot
665 1356 808 1430 condidi
830 1355 944 1427 dmtes
970 1357 1041 1449 ojus
1064 1379 1086 1426 a
1109 1353 1203 1438 lacte,
1224 1363 1262 1425 et
1284 1354 1429 1446 reliqua.
1480 1355 1552 1440 Qui

504 1477 613 1547 etium
647 1482 685 1545 et
718 1474 814 1544 unde
846 1483 1017 1543 venturus
1051 1481 1144 1544 esset
1184 1472 1382 1565 designavit
1420 1473 1552 1554 dicens,

505 1589 731 1687 'Prophetam
749 1587 842 1662 uobis
867 1586 1044 1660 suscitabit
1060 1586 1236 1659 Dominus
1253 1585 1350 1658 Deus
1366 1611 1411 1657 eo
1419 1586 1553 1684 frutri-

504 1707 565 1780 bus
581 1707 712 1790 oestuiS,
729 1707 818 1777 siout
834 1729 909 1784 me:
935 1706 1049 1799 ipsum
1066 1703 1193 1775 ostdite.
1238 1702 1291 1773 Et
1308 1703 1451 1795 quidem
1470 1705 1553 1795 quia

504 1845 576 1893 non
597 1823 708 1914 possit
724 1821 887 1915 intelligi,
904 1820 972 1891 hoo
989 1821 1051 1891 ³de
1068 1820 1090 1890 J
1094 1843 1156 1891 esu
1174 1819 1293 1890 sNave
1310 1819 1446 1889 dietum
1463 1841 1550 1899 esse,

504 2111 567 2150 rum
588 2093 644 2150 ista
662 2093 748 2169 hujus
768 2092 823 2152 loci
843 2093 1040 2169 interpretatio
1060 2093 1147 2169 longe
1161 2092 1272 2149 diversa
1285 2101 1329 2149 est
1343 2110 1360 2148 a
1373 2091 1508 2167 Vulgata,
1523 2099 1553 2149 et

505 2191 541 2248 ab
558 2191 763 2265 antiquioribus
783 2192 969 2258 versionibus,
990 2210 1061 2267 quas
1079 2190 1216 2248 exhibent
1234 2189 1424 2247 Tertullianus
1440 2189 1551 2263 [Nova-

504 2289 613 2363 tianus]
631 2289 667 2347 de
680 2289 781 2347 'illuit
795 2309 855 2366 cap.
870 2307 899 2367 9.
914 2298 943 2347 et
958 2289 1116 2365 Cyprianus
1131 2289 1193 2346 adv.
1209 2288 1326 2346 Judoeos
1336 2287 1385 2344 lib.
1398 2287 1416 2343 i.
1432 2305 1492 2362 cap.
1506 2305 1552 2344 21.

506 2385 566 2444 Sed
587 2404 640 2443 nec
662 2405 758 2461 graeco
780 2387 873 2444 LXX.
897 2387 1007 2462 lnterp.
1030 2386 1122 2443 textui
1143 2385 1306 2459 respondet,
1329 2384 1396 2441 licet
1418 2403 1477 2440 non
1498 2401 1554 2440 una

505 2501 618 2558 semper
637 2484 675 2540 sit
695 2484 823 2559 ejusdem
842 2485 927 2542 lectio
948 2483 977 2540 in
998 2484 1081 2541 codd.
1097 2482 1188 2541 MSS.
1203 2491 1233 2541 et
1246 2483 1321 2558 apud
1337 2483 1444 2539 Patres.
1479 2481 1553 2538 Vide

507 2581 654 2638 Nobilium
669 2581 699 2638 in
712 2581 789 2639 notis
803 2583 838 2639 ad
853 2600 919 2639 eum
932 2582 1036 2639 locum.

546 2688 562 2733 (t
583 2677 658 2736 cod.
674 2679 847 2744 casinensis,
859 2680 921 2756 quio
931 2679 1057 2755 alliqubit
1066 2703 1075 2746 ;
1097 2678 1147 2735 sed
1161 2676 1236 2734 hanc
1249 2677 1400 2734 lectionem
1415 2695 1451 2733 ex
1471 2693 1550 2752 repe-

505 2775 607 2832 titione
622 2775 727 2834 vocalia
740 2796 767 2842 u,
782 2785 874 2834 ortam
887 2784 967 2851 puto.
1010 2776 1168 2841 Bobiensis‚
1183 2774 1316 2851 ullipouit.

546 2883 560 2914 ¹
574 2873 673 2931 Codex
687 2873 806 2932 Bobien.
821 2874 901 2948 effusi
914 2875 994 2932 oculi.
1025 2873 1108 2940 Mox,
1125 2873 1179 2937 Qui
1194 2875 1271 2929 mim.
1293 2870 1377 2936 Mox,
1392 2871 1551 2947 deeiquouit,

508 2970 681 3046 Propbetum.

503 3119 506 3124 .
547 3079 558 3110 ⁸
573 3067 607 3124 ln
622 3068 756 3126 Bobiensi
769 3069 866 3146 inepta
877 3069 973 3139 lectio,
987 3069 1081 3127 Mune.

505 3277 618 3335 videtur
631 3279 687 3336 hoo
701 3297 763 3337 esse
776 3279 954 3337 librariorum
974 3289 1098 3337 erratum
1118 3279 1229 3354 procui
1241 3278 1292 3352 jue
1312 3287 1362 3336 est.
1397 3279 1470 3347 Quae
1491 3277 1552 3352 qui·

507 3374 572 3433 de1n
595 3377 680 3433 lectio
707 3377 838 3435 restituta
858 3378 974 3453 propius
998 3376 1039 3434 illi
1065 3377 1173 3433 accedit
1202 3396 1286 3451 quam
1310 3376 1440 3433 novimus
1467 3376 1553 3433 fuisse

505 3473 649 3530 veteribus
660 3483 822 3550 usurpatam
836 3471 858 3550 qi
870 3476 1012 3538 ἀπόκειται,
1027 3473 1071 3531 cui
1082 3475 1228 3550 repositum
1243 3483 1291 3531 est.
1322 3473 1437 3531 Videsis
1450 3474 1503 3531 hac
1518 3473 1553 3529 de

506 3589 538 3628 re
553 3571 727 3629 Cotelerium
747 3571 785 3630 ad
800 3573 915 3631 Constit.
929 3572 1029 3647 Apost.
1049 3571 1098 3628 lib.
1113 3571 1148 3628 vi.
1164 3590 1225 3646 oap.
1244 3589 1290 3629 11.
1312 3571 1364 3628 sub
1378 3572 1482 3629 linem:
1505 3573 1553 3646 qui

506 3678 644 3744 praeterea
656 3671 693 3727 ad
706 3669 868 3727 eurumdem
885 3669 977 3727 δοκεῖ.
992 3669 1041 3726 lib.
1055 3668 1072 3726 i.
1087 3687 1150 3743 cap.
1169 3686 1193 3725 1.
1211 3666 1344 3743 praeclare
1358 3686 1472 3725 versum
1486 3687 1552 3725 cen-

507 3775 552 3824 set
565 3767 629 3825 heio
642 3767 783 3842 ejusmodi
797 3769 943 3825 Geneseos
955 3767 1067 3824 locum:
1091 3767 1137 3842 qui
1150 3765 1274 3841 allipuvit
1291 3767 1329 3822 od
1346 3767 1428 3823 vitem
1443 3766 1553 3842 pullum

506 3884 592 3931 uuum,
606 3873 633 3922 et
647 3866 823 3941 adoptimum
835 3866 916 3922 uitem
926 3863 1035 3942 pullum
1048 3864 1131 3920 usiuae
1145 3883 1209 3921 auce.
1233 3864 1418 3938 Gaeianou]

548 3965 557 3988 ¹
582 3961 639 4034 [De
659 3961 714 4017 hac
732 3961 854 4019 lectione
873 3961 936 4018 fuse
954 3961 1080 4035 disputat
1095 3959 1217 4016 Grubius
1238 3959 1267 4014 in
1284 3958 1404 4015 Dissert.
1418 3959 1454 4015 de
1468 3959 1554 4016 variis

506 4057 583 4114 vitiis
595 4057 692 4114 LXX.
707 4058 830 4133 lutevpp.
848 4061 874 4128 §.
893 4075 937 4133 19.
952 4077 1018 4134 pag.
1034 4056 1082 4131 36.
1119 4057 1185 4125 Quo
1206 4075 1241 4113 ex
1262 4056 1326 4112 loco
1346 4056 1482 4112 nonnulla
1502 4075 1551 4112 ex·

506 4163 604 4228 cerptu
617 4154 746 4212 dedimus
759 4155 796 4211 ad
808 4154 914 4213 tustini
927 4154 1007 4212 Diui.
1022 4173 1081 4212 eum
1093 4153 1202 4230 Tryph.
1217 4157 1242 4225 b.
1257 4169 1306 4229 52.
1330 4153 1517 4227 Gaeianou]

547 4258 557 4282 ’
572 4253 656 4309 Dent.
671 4252 749 4310 xviii.
766 4251 812 4310 18.

547 4357 557 4387 ⁸
582 4349 766 4424 [corruptam
786 4348 938 4407 lectionem
960 4351 993 4406 de
1005 4349 1072 4408 lesu
1085 4349 1172 4406 Mune
1184 4349 1294 4406 viderat
1311 4349 1370 4424 jam
1392 4348 1503 4424 pridem
1524 4347 1552 4404 in

508 4447 660 4504 Valesiana
684 4446 807 4503 editione
835 4446 919 4521 hujus
947 4447 1155 4521 Disputationis
1180 4445 1339 4504 cotelerius
1360 4446 1395 4502 ud
1423 4445 1554 4502 &rauba

508 4543 601 4618 Epist.
617 4561 678 4617 cap.
698 4561 744 4599 12.
760 4543 807 4599 ubi
821 4542 856 4598 de
870 4543 925 4600 hoc
944 4543 1059 4600 nomine
1080 4563 1132 4618 pro
1146 4562 1225 4600 more
1241 4562 1291 4600 suo
1307 4542 1419 4599 disserit
1433 4540 1551 4597 erudite.

509 4640 694 4714 Gunnmnn]
