3817 5692
507 708 550 770 la
882 701 1187 767 ARCHELAUS.

507 876 590 939 rium
613 873 788 938 obtinuisse
810 879 938 937 constat
949 898 959 949 ;
991 894 1088 958 quare
1110 874 1137 936 si
1154 873 1251 958 juxta
1275 871 1449 935 Eusebium
1471 891 1556 935 anno

509 976 607 1039 Probi
623 999 656 1039 u.
676 985 710 1040 et
726 976 822 1060 juxta
844 976 985 1039 Leonem
1009 978 1167 1060 Magnum
1188 975 1247 1038 sub
1270 975 1436 1038 consulatu
1458 973 1556 1037 Probi

508 1084 542 1141 et
558 1078 683 1141 Paulini
703 1078 866 1162 patefacta
881 1084 931 1141 est
948 1078 1202 1141 Manichaeorum
1223 1076 1362 1153 haeresis,
1381 1076 1558 1140 necessario

510 1180 571 1242 dici
589 1180 694 1254 debet,
711 1178 862 1243 Archelai
879 1200 950 1242 oum
967 1178 1101 1242 Manete
1116 1177 1377 1262 disputationem,
1391 1200 1448 1262 per
1462 1199 1558 1262 quam

508 1283 662 1345 universa
688 1280 827 1345 ecclesia
851 1281 994 1345 Manetis
1014 1302 1103 1344 error
1125 1280 1277 1357 innotuit,
1299 1280 1450 1344 accidisse
1471 1280 1559 1343 intra

509 1384 531 1445 J
535 1383 630 1446 ulium
645 1391 742 1467 atque
758 1383 967 1446 Decembrem
982 1382 1057 1446 anni
1072 1405 1225 1446 oonxxvu.
1275 1383 1392 1446 Verum
1408 1381 1559 1445 Archelai

509 1486 610 1549 nostri
625 1486 721 1548 verba
738 1484 872 1566 benigne
887 1493 963 1547 sunt
983 1484 1236 1567 interpretanda,
1251 1483 1305 1567 qui
1325 1475 1358 1546 in
1376 1506 1445 1567 cap.
1461 1484 1555 1547 xxvii.

509 1586 738 1672 disputationis
753 1608 818 1650 suae
833 1597 906 1669 post
917 1592 1076 1649 trecentos
1087 1585 1152 1648 lere
1166 1606 1299 1649 annosa
1311 1585 1431 1649 Christi
1444 1593 1557 1661 morte,

508 1689 573 1753 imo
592 1696 666 1773 post
685 1695 846 1753 trecentos
861 1695 895 1752 et
915 1708 953 1752 eo
974 1686 1109 1770 amplius
1124 1708 1225 1750 annos
1246 1687 1288 1750 ab
1308 1688 1420 1750 eadem
1440 1686 1559 1752 Christi

510 1798 614 1855 morto
639 1791 806 1855 advenisse
830 1792 998 1854 Manetem
1020 1788 1144 1852 asserit.
1191 1788 1384 1852 Archelaum
1406 1789 1491 1853 enim
1516 1789 1559 1853 ad

510 1893 767 1977 exaggerandam
790 1892 935 1955 Manetis
954 1890 1175 1968 stoliditatem,
1199 1890 1253 1975 qui
1276 1890 1474 1954 Paraclitum
1496 1889 1559 1973 spi·

511 1993 610 2057 ritum
625 2015 646 2057 a
660 1993 789 2057 Christo
810 1992 1000 2077 promissum
1022 1998 1142 2056 temere
1163 2015 1197 2056 se
1213 2015 1281 2057 esse
1298 1993 1490 2069 affirmabat,
1504 2012 1560 2054 an·

512 2116 624 2158 norum
648 2116 814 2158 numerum
836 2094 869 2157 in
891 2093 1117 2177 disputationis
1140 2101 1222 2157 aestu
1244 2094 1371 2158 auxisse
1393 2093 1560 2156 dicendum

513 2202 574 2273 est,
589 2202 627 2259 ut
649 2195 763 2258 clarius
784 2196 979 2273 ostenderet,
999 2194 1101 2279 ipsum
1124 2194 1219 2279 longo
1241 2196 1322 2259 adeo
1344 2202 1418 2279 post
1440 2193 1560 2259 Christi

512 2308 650 2363 mortem
669 2305 813 2382 tempore
834 2305 1059 2383 emergentem,
1077 2298 1275 2362 Paraclitum
1290 2320 1359 2361 esse
1374 2318 1437 2360 non
1459 2319 1560 2381 posse,

515 2421 610 2484 quem
621 2399 644 2462 J
646 2421 718 2463 esus
733 2406 805 2485 post
820 2421 910 2463 suum
926 2401 958 2463 in
974 2400 1068 2463 caelos
1078 2421 1243 2463 ascensum
1258 2400 1340 2463 illico
1352 2422 1385 2463 se
1395 2399 1562 2483 Apostolis

515 2500 684 2564 missurum
700 2501 925 2575 affirmaverat,
937 2507 971 2565 et
985 2522 1095 2564 revera
1110 2507 1184 2585 post
1196 2500 1426 2585 quinquaginta
1441 2500 1482 2563 ab
1493 2501 1562 2584 ejus

515 2602 745 2666 resurreetione
757 2604 824 2666 dies
838 2603 879 2667 ab
894 2602 964 2687 ipso
975 2602 1105 2666 missum
1115 2602 1222 2679 luisse,
1235 2603 1464 2687 Apostolorum
1475 2605 1563 2667 Acta

514 2705 632 2769 diserte
649 2711 821 2769 testantur.

560 2807 623 2869 His
643 2808 683 2869 de
699 2806 849 2870 Archelai
866 2828 936 2870 cunr
959 2808 1093 2871 Manete
1114 2807 1339 2892 disputationis
1361 2816 1502 2892 tempore
1524 2829 1562 2871 ae

514 2908 720 2984 versionibus,
737 2909 838 2991 deque
853 2909 993 2991 ejusdem
1013 2908 1161 2971 Archelai
1182 2909 1350 2994 episcopali
1372 2910 1445 2972 sede
1460 2908 1584 2994 praeli·'

516 3009 611 3085 batis,
627 3010 784 3093 agendum
804 3009 892 3072 nobis
914 3020 964 3072 est
985 3010 1024 3073 de
1045 3011 1236 3094 synceritats
1258 3018 1356 3094 atque
1376 3011 1564 3096 praestantia

515 3111 656 3195 ejusdem
673 3111 788 3193 operis,
802 3132 840 3173 ac
856 3118 1012 3194 praeterea
1028 3111 1207 3188 videndum,
1223 3135 1265 3175 an
1283 3112 1390 3196 aliqua
1404 3114 1451 3176 sui
1470 3121 1563 3195 parte

517 3211 699 3275 mutilatum
720 3212 780 3283 sit;
810 3219 972 3296 postremo
992 3213 1204 3289 indicandum,
1227 3236 1372 3298 quaenanr
1394 3218 1563 3291 Actomm,

517 3336 589 3398 quas
611 3312 736 3398 integra
756 3334 839 3375 nune
859 3313 952 3397 primi
968 3314 1099 3390 edimus,
1117 3315 1297 3399 fragmenta
1317 3316 1391 3380 olim
1411 3317 1443 3379 in
1463 3318 1563 3381 lucem

516 3416 703 3502 prodierint,
730 3422 763 3479 et
789 3437 829 3478 ex
854 3415 943 3501 cujus
973 3417 1172 3480 bibliotheoae
1199 3418 1305 3481 codiee
1332 3420 1430 3483 editio
1455 3429 1565 3484 nostra

517 3517 715 3603 profluxerit.
760 3517 805 3581 Et
827 3518 929 3602 primo
945 3519 1072 3602 quidem
1086 3520 1125 3582 de
1145 3528 1290 3583 actorum
1306 3520 1440 3585 istorum
1455 3544 1563 3606 synco-

516 3621 614 3685 ritate
636 3620 772 3705 suspicio
795 3621 881 3684 nulla
905 3620 981 3684 oriri
1004 3627 1130 3705 potest;
1158 3643 1232 3684 nam
1256 3622 1454 3707 Epiphanius
1481 3645 1565 3686 anno

517 3720 634 3785 Christi
650 3745 808 3785 ocoaxxvr.
825 3724 978 3786 adversus
993 3723 1128 3787 haereses
1144 3723 1296 3801 scribens,
1311 3724 1432 3808 insigne
1448 3748 1486 3788 ox
1503 3726 1565 3787 dis-

520 3825 689 3907 putatione
709 3824 860 3889 Archelai
883 3826 1095 3909 fragmentum
1118 3826 1252 3910 protulit
1275 3826 1306 3888 in
1329 3826 1440 3890 haeresi
1459 3826 1565 3890 Mani-

519 3924 677 3987 ehaeorum
693 3947 762 4010 cap.
775 3948 849 3988 xxv.
866 3927 950 4010 quod
971 3926 1112 4010 ejusdem
1132 3926 1213 3990 actis
1229 3949 1269 3989 ex
1285 3927 1406 3991 Latina
1424 3928 1566 3991 versione

517 4047 538 4087 a
553 4025 644 4088 nobis
664 4026 696 4087 in
718 4026 819 4090 lucem
835 4028 929 4090 editis
949 4050 1077 4112 prorsus
1091 4030 1263 4113 respondet
1273 4053 1283 4105 ;
1307 4051 1344 4092 ae
1366 4038 1522 4113 praeterea
1540 4029 1567 4092 si

518 4125 670 4190 Archelai
692 4126 832 4191 rationes
849 4136 948 4213 atque
969 4139 1158 4212 argumenta
1176 4153 1248 4195 cum
1263 4131 1436 4215 Epiphanii
1460 4132 1535 4194 conl
1555 4169 1567 4180 ·

518 4226 695 4289 tationibus
716 4229 871 4303 conferas,
890 4232 1124 4295 evidentissimo
1143 4233 1323 4318 apparebit,
1339 4232 1442 4318 ipsum
1465 4233 1512 4297 ita
1535 4233 1567 4295 in

519 4326 663 4389 omnibus
686 4340 829 4392 secutum
852 4331 948 4396 fuisso
971 4333 1171 4410 Archelaum,
1192 4340 1229 4397 ut
1250 4355 1353 4418 pauca
1371 4334 1411 4396 de
1434 4356 1491 4396 suo
1512 4334 1568 4396 ad·
1641 4328 1643 4334 ’

518 4448 627 4491 versus
645 4427 787 4493 Manetis
803 4453 925 4498 errores
942 4435 1099 4499 attulerit.
1133 4435 1284 4499 Meminit
1297 4434 1395 4499 etiam
1411 4440 1567 4498 Actorum

518 4527 613 4613 hujus
633 4530 858 4615 disputationis
880 4535 1040 4612 Socrates,
1064 4537 1117 4620 qui
1138 4538 1170 4600 in
1184 4537 1351 4601 consulatu
1366 4560 1443 4599 xvu.
1467 4537 1568 4599 Theo·

519 4629 599 4694 dosii
620 4632 765 4715 junioris,
788 4634 848 4699 hoc
873 4645 933 4714 est,
958 4659 1042 4701 anuo
1072 4660 1143 4702 aerae
1171 4639 1360 4704 Christianae
1386 4660 1565 4701 ccccxxxrx.
