3817 5692
492 698 555 759 142
713 697 967 760 ARCHELAI
1000 699 1064 760 ET
1098 698 1317 760 MANETIS

491 874 571 935 etus
589 874 625 934 et
643 866 750 948 mitis,
763 865 845 934 fidei
863 888 904 934 ae
922 865 1025 933 famae
1043 864 1143 933 bonae
1162 863 1285 945 valde;
1305 872 1343 932 et
1361 886 1441 932 cum
1456 887 1539 954 qna-

491 982 573 1051 dam
591 982 649 1052 die
669 980 807 1063 Manes,
825 989 1039 1073 congregata
1055 980 1168 1059 turba,
1184 980 1481 1061 ²eoncionaretur,
1498 1001 1540 1046 ao

491 1097 674 1189 peregrina
707 1097 878 1186 quadam,
905 1104 943 1163 et
973 1094 1088 1163 aliena
1120 1118 1142 1162 a
1175 1101 1321 1184 paterna
1350 1093 1540 1162 traditione

490 1211 633 1304 populo,
659 1212 719 1302 qui
747 1211 921 1291 adstabat,
948 1218 1128 1289 assereret,
1155 1207 1292 1278 nullum
1319 1209 1463 1277 omnino
1493 1232 1539 1277 ex

491 1327 546 1396 his
567 1327 767 1407 formidans,
786 1327 880 1417 quod
908 1325 974 1395 sibi
1001 1333 1120 1416 posset
1146 1324 1337 1406 obsistere3
1363 1323 1540 1393 Diodorus

492 1442 613 1511 videns
638 1441 807 1533 proficere
832 1441 908 1531 ejus
933 1440 1139 1531 nequitiam,
1165 1438 1337 1508 deliberat
1363 1437 1539 1509 Archelao

490 1557 634 1627 mittere
651 1555 846 1647 epistolam,
864 1556 1108 1625 continentem
1127 1555 1213 1623 hac.

519 1850 865 1931 ·ARCHELAO
897 1850 1178 1932 EPISCOPO
1209 1850 1511 1933 DlODORUS

965 1996 1001 2066 S.
1021 1997 1066 2066 D.

539 2128 621 2199 XL.
649 2127 761 2197 Scuta
782 2137 820 2197 te
843 2127 933 2208 volo,
951 2127 1212 2220 religiosissime
1237 2127 1355 2207 Pater,
1374 2130 1539 2219 quoniam

489 2241 634 2311 advenit
661 2243 804 2332 quidam
832 2243 868 2310 in
897 2242 1022 2311 diebus
1049 2241 1137 2325 istis,
1160 2243 1303 2311 nomine
1330 2241 1469 2324 Manes,
1494 2243 1539 2312 ad

490 2352 568 2423 loca
585 2366 714 2437 nostra,
732 2357 792 2446 qni
811 2356 893 2424 novi
911 2358 1118 2426 testamenti
1143 2356 1340 2425 doctrinam
1367 2378 1405 2424 se
1430 2357 1540 2425 adim-

489 2470 587 2562 plere
609 2474 795 2563 promittit.
849 2472 897 2542 Et
924 2473 1069 2562 quidem
1097 2483 1199 2541 erant
1225 2473 1386 2562 quaedam
1413 2473 1448 2541 in
1475 2472 1538 2551 his,

490 2608 567 2675 quae
597 2587 642 2656 ab
670 2609 713 2655 eo
741 2587 959 2668 dicebantur,
986 2596 1113 2656 nostrae
1141 2587 1244 2669 fidei;
1270 2587 1430 2678 quaedam
1457 2609 1539 2655 vero

489 2697 667 2767 asserebat
690 2697 796 2791 longe
814 2699 950 2769 diversa
966 2700 1012 2769 ab
1029 2700 1082 2782 iis,
1101 2723 1178 2790 quae
1195 2722 1216 2769 a
1233 2709 1354 2769 nostra
1370 2695 1540 2792 bpaterna

490 2811 679 2883 traditione
705 2814 936 2884 descendunt.
989 2812 1296 2906 Interpretabatur
1322 2815 1419 2883 enim
1447 2839 1540 2906 quae·

489 2927 571 2995 dam
596 2927 721 3009 aliene,
743 2929 871 3019 quibus
897 2930 1006 2998 etiam
1033 2951 1079 2998 ex
1105 2930 1252 3020 propriis
1277 2929 1440 3010 addebat,
1458 2952 1538 3019 qnae

489 3041 574 3110 mihi
596 3042 697 3112 valde
720 3044 904 3136 peregrina
925 3045 1000 3113 visa
1022 3052 1116 3127 sunt,
1135 3054 1173 3112 et
1198 3043 1316 3113 infida.
1368 3037 1438 3112 Pro
1464 3046 1540 3135 qui·

489 3155 554 3225 bus
581 3158 689 3226 etiam
715 3167 897 3250 permotus
921 3181 1001 3228 sum
1026 3159 1177 3229 seribere
1201 3158 1274 3228 haeo
1294 3159 1339 3228 ad
1358 3168 1406 3240 te,
1427 3162 1539 3230 sciens

489 3271 656 3341 doctrinae
670 3282 740 3342 tuse
755 3273 952 3365 perfeetum
974 3284 1012 3344 et
1028 3274 1271 3366 plenissimum
1288 3296 1440 3355 sensum,
1453 3298 1539 3365 quo-

488 3387 582 3455 niam
602 3387 712 3458 latere
731 3397 768 3458 te
785 3388 911 3459 horum
936 3388 1025 3458 nihil
1048 3398 1188 3481 potest;
1215 3397 1253 3458 et
1279 3389 1359 3460 ideo
1385 3390 1537 3460 confisus

488 3525 566 3574 sum
593 3504 635 3572 ad
663 3504 885 3596 explananda
911 3505 1013 3574 nobis
1036 3504 1125 3585 haee,
1144 3505 1276 3573 invidia
1292 3514 1330 3574 te
1347 3529 1419 3574 non
1437 3528 1537 3596 posse

485 3620 671 3711 prohiberi.
727 3620 898 3704 Quamvis
932 3643 998 3691 neo
1033 3644 1099 3713 ego
1133 3621 1277 3711 quidem
1312 3621 1348 3688 in
1382 3619 1535 3690 altemm

529 3853 542 3883 ἰ
557 3840 591 3896 ln
607 3841 755 3899 Casinensi
770 3842 875 3906 codice,
890 3842 1102 3898 continuaretur.

529 3948 544 3978 ⁰
557 3937 691 3994 Meminit
711 3939 797 4013 hujus
818 3938 945 4012 epistolae
961 3938 1136 4013 Epiphanius
1156 3937 1185 3993 in
1206 3936 1260 3992 hac
1280 3934 1379 3991 lraeresi
1393 3953 1470 3990 num.
1491 3951 1536 3988 11.

487 4035 603 4107 ejusque
618 4046 827 4109 argumentum,
843 4054 900 4091 non
915 4045 1010 4091 autem
1023 4034 1117 4098 verba,
1132 4042 1163 4089 ut
1181 4033 1312 4090 Petavius
1326 4033 1536 4105 interpretatur,
1661 4047 1663 4051 ·

486 4132 610 4188 breviter
632 4132 727 4189 refert.
770 4132 803 4187 ln
828 4132 910 4188 titulo
936 4133 1020 4206 hujus
1042 4131 1168 4206 epistola
1181 4150 1248 4195 vox,
1263 4130 1388 4194 salntem,
1408 4128 1486 4184 deest
1508 4126 1537 4181 in

487 4229 584 4286 codice
599 4229 756 4294 Oasinensi,
772 4230 821 4285 sed
840 4230 962 4292 literam.
977 4250 1001 4293 s,
1016 4248 1078 4286 eam
1093 4247 1192 4286 vocem
1211 4228 1394 4291 indicantem,
1410 4235 1537 4299 repetere

487 4326 615 4400 neglexit
628 4327 767 4390 librarius,
782 4345 817 4382 eo
832 4326 908 4399 quod
922 4326 951 4381 in
966 4326 1022 4382 fine
1036 4325 1224 4399 praecedentia
1238 4324 1316 4381 vocis
1331 4323 1445 4379 existat.

527 4419 543 4463 b
559 4424 682 4480 Videant
707 4422 830 4479 haeretici
856 4442 940 4497 quam
962 4422 1036 4479 clare
1056 4430 1115 4478 tam
1137 4422 1193 4488 hic,
1208 4441 1292 4497 quam
1306 4420 1380 4476 infre
1394 4417 1537 4475 Diodorus

487 4520 617 4593 antiquas
641 4519 775 4575 chlesiae
800 4518 965 4574 traditiones
990 4517 1147 4590 sequendas
1176 4515 1442 4591 amplectendasquc
1471 4531 1533 4569 esse

488 4615 619 4671 declaret.
