3817 5692
517 693 581 760 198
737 688 990 752 ARCHELAI
1022 688 1086 750 ET
1118 687 1339 750 umus

516 873 626 943 erunt
648 872 680 931 et
703 862 739 929 in
764 885 849 954 quas
874 861 1053 953 opiniones
1078 858 1120 927 de
1144 856 1198 927 dis
1224 858 1379 929 omnihus
1399 884 1567 953 paneae

515 987 608 1047 runt.
660 975 810 1065 Quidam
834 977 924 1045 enim
948 973 1070 1044 dorum
1095 974 1270 1056 dixerunt,
1289 976 1392 1045 initia
1409 973 1565 1045 annium

515 1090 585 1161 duo
601 1115 681 1175 esse,
698 1089 820 1183 quibas
844 1088 931 1159 bona
957 1098 988 1157 el
1014 1087 1104 1157 mala
1130 1090 1392 1172 associarerunt
1410 1092 1485 1184 ipsa
1508 1090 1567 1160 di·

515 1216 624 1277 centes
642 1207 746 1275 initia
764 1206 839 1274 sine
856 1204 960 1272 initio
976 1228 1047 1273 esse
1062 1213 1095 1273 et
1112 1205 1273 1299 inpendo,
1289 1205 1329 1274 id
1343 1215 1392 1275 est
1409 1206 1445 1273 in
1460 1206 1567 1298 prin·

515 1323 619 1416 aipiis
648 1320 754 1392 lacem
774 1318 904 1415 fuisse,
931 1344 973 1389 aa
1002 1318 1167 1401 tenebras,
1196 1344 1274 1413 qua
1301 1345 1346 1390 eu·
1372 1324 1566 1415 semetipsis

515 1446 626 1520 erant,
656 1446 741 1506 'narr
771 1458 850 1529 qua
877 1458 948 1504 esse
981 1432 1191 1504 dicebantur.
1243 1433 1333 1505 Hoec
1362 1460 1437 1505 curn
1467 1437 1568 1529 apud

514 1550 692 1643 semetipsa
709 1555 829 1629 essent,
842 1547 1024 1639 propriam
1044 1546 1305 1641 unumquodque
1321 1573 1436 1619 eorum
1454 1552 1563 1621 ritum

515 1661 641 1760 apebat‚
660 1687 762 1756 quam
780 1660 886 1742 vellet,
903 1670 972 1730 met
992 1659 1106 1753 qualis
1122 1660 1190 1731 sibi
1206 1674 1426 1755 competere&
1450 1668 1566 1734 omni·

514 1777 575 1849 om
591 1778 682 1848 enim
700 1778 848 1848 amictam
866 1785 927 1861 est,
944 1775 1038 1870 quod
1058 1785 1107 1845 cst
1127 1779 1322 1871 proprium,
1340 1789 1371 1848 et
1390 1777 1481 1848 nidi!
1494 1780 1567 1849 sibi

515 1894 628 1989 ipsum
645 1892 772 1963 malum
790 1891 934 1963 ridetur.
960 1890 1148 1985 Postquam
1167 1902 1279 1962 autem
1297 1893 1345 1962 ad
1355 1893 1562 1964 alterutrum

515 2009 723 2103 apnitionem
750 2016 889 2100 uterque
908 2008 1075 2101 persenit,
1093 2019 1148 2076 ”et
1163 2006 1308 2077 terrebroe
1330 2007 1566 2101 contemplata

514 2132 594 2192 sunt
610 2121 726 2201 lucens,
745 2130 905 2214 tanquam
926 2119 1079 2191 melioris
1096 2122 1149 2190 rei
1168 2132 1303 2215 sumpla
1325 2124 1565 2216 coriciepiscen·

516 2239 574 2319 tia,
594 2233 847 2305 insectabantur
862 2259 902 2304 ea
919 2238 1141 2307 commisceri.

787 2356 972 2428 Nonnulla
988 2360 1135 2430 fortasse
1152 2362 1290 2430 desunt.

555 2533 575 2560 ¹¹¹
591 2522 624 2578 In
639 2522 736 2578 codice
751 2521 909 2585 Casinensi,
924 2531 950 2578 et
964 2523 1059 2597 quales
1072 2523 1111 2578 ion·
1123 2532 1291 2597 conpater&

556 2629 571 2659 ¹³
585 2618 728 2675 Tenebras
743 2618 882 2674 desiderio
895 2618 967 2675 lucis
981 2620 1168 2693 adipiscenda
1182 2629 1260 2675 actas
1273 2620 1360 2675 fuisse
1374 2620 1476 2676 Manes
1490 2641 1562 2695 quo·

515 2734 569 2789 que
590 2716 691 2771 asserit
709 2716 738 2771 in
758 2734 818 2789 cap.
838 2732 884 2786 13.
907 2715 992 2790 hujus
1013 2717 1115 2790 operis,
1130 2725 1160 2771 et
1180 2715 1254 2789 apud
1267 2715 1362 2771 ‘litum
1378 2717 1562 2775 Bostrensem

515 2812 650 2869 adversus
664 2812 841 2869 Manichaeos
855 2812 903 2868 lib.
914 2812 932 2868 i.
947 2832 1015 2886 pag.
1027 2813 1075 2882 48.
1090 2813 1222 2868 editionis
1236 2812 1404 2868 Cauisianae.

641 2945 648 2968 ¹
664 2939 743 3012 [For.
760 2959 811 2995 non
826 2940 988 3015 quassata,
1004 2941 1167 3015 soluenda,
1182 2960 1239 2996 esse
1252 2940 1428 3013 dicebantur]

822 3341 1249 3423 FRAGMENTUM

514 3492 682 3563 Actorum
708 3492 851 3586 ejusdem
876 3494 1136 3588 Disputationes
1162 3518 1206 3564 ea
1227 3494 1266 3566 S.
1286 3493 1417 3589 cyrilli
1434 3494 1563 3564 Hiero-

565 3606 765 3702 solymitoni
783 3608 983 3684 Calliclem
998 3632 1048 3680 v1.
1068 3608 1131 3709 (ll.
1152 3632 1272 3682 xxvu.
1292 3630 1428 3680 xxvm.
1448 3631 1560 3680 xxm.

566 3724 652 3792 edit.
668 3723 906 3816 Benedictio.)

560 3860 610 3923 Ne
636 3862 797 3947 quidpiam
823 3871 967 3927 actorum
990 3864 1214 3948 disputationis
1237 3864 1387 3927 Archelai
1409 3864 1561 3949 Episcopi

515 3982 586 4023 cum
602 3963 735 4027 Moneta
758 3966 985 4041 omitteremus,
1001 3975 1215 4050 opportunum
1239 3966 1417 4029 censuimus
1438 3966 1489 4028 hic
1509 3987 1561 4027 eo-

514 4062 647 4126 rundem
671 4064 883 4150 fragmentum
907 4091 947 4132 ex
968 4067 1077 4152 Cyrilli
1099 4067 1379 4152 Hierosolymitani
1404 4068 1562 4131 catechesi

515 4171 607 4226 sexta
626 4187 699 4250 pag.
719 4184 789 4248 147.
811 4169 923 4252 primae
938 4170 1098 4245 editionis,
1115 4175 1222 4253 (soctt.
1242 4189 1293 4249 27,
1310 4173 1361 4245 28,
1379 4189 1430 4254 29.
1446 4193 1476 4254 p.
1494 4191 1561 4248 ¹04·

515 4265 563 4328 ed.
583 4266 728 4330 Touttoii
755 4290 810 4331 seu
839 4271 1054 4350 Benedictio.)
1078 4272 1289 4356 desumptum,
1313 4271 1468 4335 corollarii
1492 4271 1561 4334 loco

515 4366 714 4452 subjungere,
731 4391 769 4432 eo
785 4371 962 4454 praesertim
981 4374 1064 4455 quod
1089 4372 1121 4435 in
1143 4374 1395 4457 praecedentibus
1414 4375 1503 4449 actis,
1519 4375 1561 4437 ab

516 4468 728 4551 Hegemonio,
749 4482 785 4533 ut
805 4470 939 4547 videtur,
957 4474 1149 4557 Presbytero
1173 4475 1205 4537 in
1230 4475 1390 4560 epitomen
1414 4477 1562 4553 redactis,

515 4589 578 4631 non
601 4570 787 4653 reperiatur.
810 4573 962 4636 chncm.
1008 4575 1239 4661 Fragmentum
1261 4578 1347 4641 istud
1371 4578 1562 4641 contulimus
