3817 5692
431 682 496 748 246
799 684 831 746 S.
848 683 1122 748 AUGUSTINI

431 858 567 928 stitutis
592 859 685 927 iutra
710 879 827 926 arcam
854 856 1016 926 salutaris
1038 858 1119 938 fuit,
1138 864 1240 927 extra
1263 879 1378 927 arcam
1399 881 1484 930 vero

431 971 613 1041 mortifera
629 972 717 1053 futt3
744 972 868 1041 eadem
887 981 1008 1041 tamen
1032 972 1110 1040 fuit.
1165 971 1211 1041 Et
1234 971 1340 1042 multi
1364 982 1485 1042 extra-

432 1088 499 1169 nei,
518 1087 554 1156 id
572 1096 636 1170 cst,
654 1088 774 1168 invidi,
792 1110 879 1178 quos
902 1110 948 1156 ex
970 1096 1070 1177 parte
1093 1086 1225 1157 diaboli
1243 1110 1319 1158 esse
1337 1087 1484 1180 Cypria·

432 1225 497 1272 uus
515 1203 601 1272 dicit
618 1212 657 1270 et
674 1203 718 1271 de
736 1201 927 1294 Scriptun‘s
943 1203 1109 1285 ostendit,
1129 1201 1226 1272 velut
1246 1204 1342 1273 intus
1360 1203 1483 1274 videu-

432 1329 498 1401 tur,
512 1328 682 1388 ettamen
701 1318 767 1387 nisi
781 1327 898 1387 essent
912 1327 1015 1387 extra
1032 1339 1160 1401 arcam,
1173 1340 1243 1386 non
1260 1328 1484 1387 morerentur

432 1456 496 1525 per
524 1455 663 1524 aquam.
715 1432 819 1502 Tales
848 1432 943 1501 euim
975 1432 1181 1524 baptismus,
1205 1456 1286 1502 cum
1313 1454 1357 1501 eo
1385 1432 1483 1503 male

322 1550 382 1598 aa
432 1556 591 1627 utuntur,
603 1556 727 1629 necat;
744 1548 837 1617 sicut
853 1545 922 1616 illis
939 1546 984 1616 de
997 1546 1126 1637 quibus
1139 1548 1190 1616 ait
1200 1544 1405 1638 Apostolus,
1416 1546 1482 1616 bo-

324 1630 331 1661 ¹
352 1648 359 1662 ⁸
432 1686 498 1732 uus
515 1664 602 1732 odor
618 1663 750 1733 Christi
768 1663 898 1733 eratin
916 1673 1080 1731 mortem.
1127 1661 1201 1732 Cur
1217 1685 1301 1755 ergo
1318 1685 1387 1731 non
1406 1685 1484 1733 sus·

431 1780 567 1871 cipiunt
594 1780 725 1870 aliquid
749 1778 888 1849 caeleste
906 1777 963 1849 vel
983 1777 1195 1848 schismatici
1214 1777 1270 1848 vel
1294 1778 1482 1849 haereticii

431 1895 523 1965 sicut
545 1896 653 1988 spinae
676 1895 751 1964 sive
771 1895 905 1963 zizania
920 1892 1090 1985 pluviam,
1107 1894 1199 1963 sicut
1217 1894 1281 1985 ipsi
1300 1894 1360 1984 qui
1377 1904 1483 1965 extra

431 2030 547 2077 arcam
573 2006 727 2089 fuerunt,
745 2029 872 2098 aquam
899 2007 944 2077 de
970 2008 1156 2077 cataractis
1178 2006 1253 2076 caeli
1276 2007 1482 2076 venientem

431 2129 661 2214 susceperunt
677 2122 831 2213 quidem,
850 2123 911 2192 sed
934 2121 980 2191 ad
1005 2122 1210 2214 perniciem,
1227 2144 1300 2190 non
1320 2122 1364 2191 ad
1387 2119 1482 2191 salu·

430 2245 516 2305 tem.
566 2236 723 2328 Ideoque
750 2236 837 2307 illud
861 2238 956 2329 quod
978 2237 1015 2306 in
1039 2236 1166 2306 ultimo
1184 2236 1313 2328 posuit,
1333 2233 1481 2323 Quando

430 2348 529 2422 danti
544 2349 637 2423 laces
654 2375 723 2423 noe
740 2362 797 2434 est,
813 2354 929 2447 utique
945 2376 1006 2423 nec
1022 2352 1205 2446 accipienti
1215 2349 1358 2447 prodest
1367 2375 1380 2429 ,·
1405 2374 1481 2421 non

430 2465 550 2536 laboro
573 2467 756 2538 refelleret
782 2469 866 2559 quia
892 2476 930 2537 et
958 2490 1023 2537 nos
1048 2468 1198 2537 dicimus
1224 2466 1481 2560 accipientibus

430 2604 500 2650 non
519 2585 692 2674 prodesse,
711 2606 791 2653 cum
816 2586 853 2652 in
876 2582 1002 2653 haeresi
1021 2584 1199 2674 accipiunt
1217 2582 1481 2652 consentientes

429 2696 622 2782 haereticis;
648 2710 685 2768 et
702 2700 782 2769 ideo
802 2700 949 2769 veniunt
972 2700 1016 2768 ad
1039 2698 1250 2770 catholicam
1274 2719 1399 2789 pacem
1424 2707 1479 2766 at-

430 2836 499 2904 que
517 2816 723 2897 ¹unitatem,
741 2838 811 2884 non
839 2826 880 2884 ut
906 2815 1122 2907 baptismum
1148 2815 1333 2906 accipiant,
1351 2812 1413 2883 sed
1436 2823 1480 2882 ut

429 2928 480 2997 eis
497 2930 661 3019 prodesse
678 2930 823 3021 incipiat
841 2930 935 3021 quod
953 2940 1173 3021 acceperant.

479 3041 575 3113 Item
609 3043 698 3114 alius
726 3042 915 3115 Jauuarius
948 3044 1170 3115 Muzulensis
1204 3044 1317 3113 dixit:
1356 3040 1481 3112 Miror

429 3158 521 3251 quod
546 3183 622 3229 cum
650 3183 764 3230 ornnes
790 3162 1014 3256 confiteantur
1035 3183 1140 3230 unum
1168 3182 1238 3230 esse
1262 3157 1479 3253 baptismum,

428 3297 497 3344 non
515 3298 629 3345 onznes
646 3274 839 3371 intellipent
854 3275 999 3369 cjzndem
1017 3273 1178 3370 baptismi
1195 3274 1369 3344 imitatem.
1407 3271 1480 3344 Ec-

428 3386 531 3458 clesia
555 3390 646 3459 etim
672 3398 703 3459 et
724 3387 866 3461 taeresis
887 3390 967 3460 duee
994 3400 1026 3461 et
1056 3388 1201 3460 diverse
1217 3411 1272 3458 res
1292 3395 1380 3457 stent.
1432 3387 1479 3460 Si

427 3501 583 3574 ltaeretici
599 3502 720 3574 hebent
735 3502 912 3599 baptisma,
932 3530 994 3576 eos
1016 3502 1282 3576 cantabamus:
1310 3506 1342 3573 si
1364 3512 1479 3572 eutem

427 3644 489 3690 eos
511 3618 679 3704 hebemus,
697 3619 851 3692 heretici
876 3619 999 3691 laedere
1024 3643 1093 3690 nee
1115 3628 1269 3713 possent.
1320 3617 1478 3689 Dubium

427 3741 538 3803 aetem
567 3758 636 3805 noc
664 3743 720 3816 est,
749 3734 939 3806 Ecclesiam
969 3734 1077 3806 sotem
1103 3732 1306 3828 baptismum
1340 3730 1480 3806 Christi

422 3847 609 3941 possidere,
638 3873 715 3943 quae
740 3849 814 3921 sola
837 3849 1014 3945 possideat
1039 3859 1072 3920 et
1089 3838 1250 3944 'pretium
1281 3845 1415 3920 Cirtae·
1446 3857 1480 3919 et

427 3968 612 4036 cecitatem.
859 3964 862 3967 ’

478 4080 601 4151 Posset
613 4080 703 4151 alius
720 4080 883 4150 similiter
896 4081 1021 4160 dicero,
1036 4090 1074 4150 et
1092 4079 1254 4148 similiter
1267 4101 1336 4147 non
1351 4100 1477 4147 verum

426 4197 562 4267 dicere:
592 4195 706 4265 Miror
728 4197 820 4287 quod
846 4218 926 4264 cunr
953 4217 1077 4265 omues
1102 4195 1337 4264 confiteantur
1362 4215 1477 4262 unum

426 4333 502 4380 esse
520 4311 746 4402 baptismum,
764 4333 835 4378 nou
853 4332 976 4378 ornnes
992 4309 1197 4402 intelligant
1213 4309 1371 4400 ejusdem
1390 4307 1479 4399 bap·

427 4423 520 4491 tismi
540 4421 725 4490 unitatem.
777 4420 926 4489 Justitia
949 4421 1044 4489 enim
1073 4429 1110 4489 et
1141 4420 1307 4510 iniquitas
1333 4417 1410 4486 duae
1437 4428 1477 4486 et

588 4621 600 4647 ¹
616 4610 715 4668 Plures
729 4609 817 4668 MSS⁴
833 4619 912 4684 atque
925 4610 1074 4665 veritatem.
1119 4607 1235 4681 (ltidem
1251 4607 1326 4677 mei.)
