3817 5692
326 659 390 729 9260
693 663 724 724 S.
741 657 1014 726 AUGUSTINI

256 891 263 905 .
378 836 590 931 Pelagianus
607 860 628 905 a
646 835 866 926 Luperciana
884 834 995 904 dixit:
1020 831 1198 926 Scriptum
1226 840 1287 912 esl,
1309 830 1397 903 Aut

240 939 501 1024 ”imminua
518 950 615 1022 Deus
641 959 698 1033 cst,
716 958 776 1020 cut
798 948 895 1020 Bual
915 947 1014 1019 Deus
1038 956 1096 1019 cst.
1147 946 1206 1017 Ia
1232 957 1265 1017 et
1290 971 1395 1018 nunc

328 1076 388 1138 aet
416 1065 573 1137 Ecclesia
603 1064 760 1136 Ecclesia
789 1072 847 1147 est,
875 1073 935 1134 cat
963 1062 1104 1134 heresis
1131 1061 1291 1134 Ecclesia
1326 1071 1391 1133 eat.

328 1183 494 1254 Parrasi
511 1180 653 1252 lcrrcsis
669 1180 826 1251 Ecclesia
849 1189 994 1262 nonest,
1012 1177 1178 1274 quomoda
1193 1201 1267 1249 csse
1287 1177 1394 1272 apud

328 1296 505 1367 daerelicos
521 1295 690 1389 baptisma
706 1294 872 1367 Ecclesia
883 1295 1029 1389 potest?

379 1412 476 1482 Huic
512 1413 565 1481 ita
598 1432 783 1502 possumus
817 1411 1047 1501 respondere:
1087 1407 1165 1479 Aut
1198 1410 1389 1501 paradisus

329 1528 519 1620 paradisus,
538 1538 600 1596 aut
617 1525 793 1617 AEgyptus
810 1525 1010 1617 paradisus:
1038 1547 1140 1617 porro
1156 1526 1185 1594 si
1203 1521 1389 1616 AEgyptus

328 1642 508 1734 paradisus
536 1663 606 1710 non
635 1649 701 1722 est,
732 1640 909 1732 quamodo
935 1663 1012 1710 esse
1039 1640 1076 1709 in
1105 1637 1260 1732 AEgypto
1288 1661 1389 1730 aqua

330 1757 479 1849 paradisi
503 1755 644 1848 potest?
684 1756 757 1825 Sed
783 1757 921 1826 dicetur
941 1755 1053 1835 nobis,
1072 1755 1189 1824 Etiam
1212 1754 1301 1823 illuc
1321 1776 1390 1823 ex·

330 1873 447 1941 eundo
476 1871 645 1961 pervenit.
698 1870 759 1939 Sic
784 1893 868 1964 ergo
894 1870 939 1939 ad
964 1870 1147 1939 haereticos
1170 1868 1386 1960 baptismus.

330 1985 426 2056 Item
457 1986 624 2055 dicimus:
658 1983 736 2053 Aut
767 1997 867 2076 petra
896 1986 1057 2055 Ecclesia
1086 1994 1389 2082 ostentarem

332 2101 500 2170 Ecclesia.
554 2098 663 2168 Porro
689 2101 772 2189 quia
798 2123 866 2169 non
894 2109 948 2169 est
973 2121 1080 2169 arena
1103 2081 1269 2178 Ecclesia,
1291 2121 1389 2189 quo-

331 2215 437 2283 modo
455 2211 548 2304 apud
566 2215 702 2303 eosqui
722 2236 827 2305 super
844 2236 986 2283 arenam
1005 2214 1190 2295 aedificant,
1202 2212 1388 2282 audiendo

332 2328 437 2397 verba
451 2328 580 2398 Christi
600 2338 637 2398 et
654 2351 725 2397 non
743 2330 915 2410 faciendo,
933 2351 1010 2398 esse
1026 2329 1221 2420 baptismus
1239 2327 1388 2418 potest?

332 2452 369 2512 et
387 2452 505 2512 tatum
524 2452 588 2513 est.
640 2442 700 2513 Sic
717 2466 802 2537 ergo
819 2453 857 2513 et
873 2445 966 2534 apud
985 2444 1176 2513 haeretieos.

210 2589 226 2621 r
259 2611 264 2621 .
382 2557 492 2628 Jader
509 2583 530 2628 a
549 2559 677 2629 Midila
694 2560 805 2629 dixit:
831 2556 970 2630 Scirum
993 2581 1061 2627 noa
1082 2581 1152 2627 csse
1177 2557 1248 2626 aiei
1272 2580 1387 2627 anum

332 2671 533 2766 baptismum
553 2676 592 2744 ia
608 2673 764 2744 Ecclesia
781 2672 970 2743 calholica:
997 2683 1029 2743 et
1045 2672 1122 2743 ideo
1139 2695 1208 2741 aaa
1225 2670 1389 2742 debemus

333 2787 511 2858 adnaitlerc
527 2786 734 2867 decreticum,
753 2789 824 2857 uisi
840 2787 1032 2881 baptizatus
1046 2786 1167 2881 fucrit
1192 2785 1286 2880 apud
1308 2809 1387 2866 nos,

333 2926 375 2972 ac
404 2927 440 2972 se
469 2911 564 2995 perlat
592 2912 691 2972 actm
721 2900 911 2971 Ecclesiam
942 2900 1141 2972 cctlsoliccm
1171 2900 1387 2994 baptizatum

328 3013 414 3087 'essa

386 3133 482 3202 Huic
501 3134 741 3223 respondetur,
758 3133 840 3222 quia
866 3133 893 3201 si
921 3131 988 3202 hoc
1011 3133 1055 3201 de
1078 3133 1206 3222 iniquis
1228 3130 1297 3201 illis
1320 3135 1386 3223 qui

334 3257 436 3315 extra
459 3258 594 3337 petram
621 3258 704 3316 sunt
729 3247 915 3328 diceretur,
933 3246 1021 3316 falso
1046 3248 1171 3337 utique
1192 3245 1386 3317 diceretur.

335 3363 394 3430 Sic
412 3384 495 3454 ergo
513 3370 551 3431 et
569 3360 613 3429 de
630 3361 817 3432 haereticis.

206 3509 237 3543 a.
252 3508 289 3542 ιο.
386 3473 480 3545 Item
511 3475 600 3544 alius
628 3474 729 3545 Felix
760 3498 781 3545 a
812 3475 1006 3545 Marazrma
1036 3478 1146 3547 dixit:
1179 3475 1258 3547 Uaa
1276 3476 1387 3568 fides,

206 3575 325 3636 ’miii‘
336 3613 441 3659 :aarum
458 3587 649 3682 baptisma:
674 3588 735 3659 scd
750 3587 914 3660 Ecclesia
935 3588 1119 3674 catholicae,
1137 3592 1195 3661 cal
1216 3589 1282 3661 sol-i
1304 3590 1389 3662 licet

335 3703 522 3796 baptizare.

385 3819 480 3902 Quid
508 3820 535 3889 si
562 3819 650 3889 alius
673 3820 723 3889 ita
744 3820 897 3889 diceret:
930 3819 1014 3889 Una
1042 3820 1138 3899 tides,
1156 3842 1265 3889 unum
1297 3820 1388 3913 bap·

336 3937 458 4017 tisma3
485 3936 545 4004 sed
563 3935 741 4024 justorum
759 3943 909 4016 tantum,
928 3935 1056 4025 quibus
1081 3933 1162 4005 solis
1189 3935 1272 4005 licet
1297 3934 1388 4028 bap-

337 4048 468 4117 tizare?
510 4047 611 4117 Sicut
641 4047 715 4115 haee
744 4048 850 4117 verba
879 4047 1136 4131 refellerentur,
1167 4049 1219 4118 ita
1247 4058 1285 4117 et
1315 4050 1389 4119 ista

338 4163 514 4232 sententia
531 4162 722 4232 refellatur.
775 4160 835 4230 An
854 4171 891 4231 et
915 4163 1035 4253 injusti
1053 4158 1133 4233 ¹nec
1152 4165 1188 4232 iu
1206 4164 1281 4254 ipso
1298 4164 1388 4254 bap.

378 4453 386 4495 i
403 4456 459 4512 Hic
474 4457 638 4530 particulam
653 4478 709 4524 aec,
722 4479 783 4533 quae
797 4462 826 4518 in
841 4461 924 4520 editis
939 4464 1045 4529 deerat,
1058 4468 1232 4523 restituimus
1245 4486 1281 4524 ex
1298 4467 1387 4527 MSS.

341 4553 387 4620 (In
403 4552 472 4608 meis
487 4572 597 4627 quoque
612 4560 715 4628 extat.)
