3817 5692
430 683 494 748 968
680 688 684 693 ’
798 685 829 746 S.
846 683 1118 748 AUGUSTINI

430 868 523 939 sunt,
553 880 623 926 non
654 879 738 951 ergo
769 859 947 949 pertinent
982 857 1026 925 ad
1059 856 1290 947 aposteriores
1327 854 1498 923 facinora

431 974 597 1064 priorum,
632 974 793 1063 quamvis
831 994 877 1041 ex
912 971 1037 1042 eadem
1072 971 1323 1041 communione
1357 990 1496 1060 propa-

430 1099 540 1181 gatos.
598 1090 671 1158 Cur
704 1112 787 1182 ergo
823 1088 923 1158 nobis
958 1088 1145 1157 traditores
1179 1086 1361 1178 objiciunt,
1397 1107 1493 1174 quos

430 1227 500 1274 non
528 1206 768 1286 convicerunt,
795 1214 832 1273 et
860 1205 925 1273 sibi
952 1201 1084 1271 Judam
1114 1225 1183 1269 non
1212 1201 1399 1291 objiciunt,
1428 1200 1491 1267 oiri

430 1319 625 1411 Cyprianus
643 1329 681 1389 et
701 1320 846 1411 collegae
868 1320 944 1410 ejus
968 1314 1344 1387 communicaverunt?
1388 1314 1492 1384 Ecce

431 1434 618 1503 concilium
643 1435 688 1502 de
715 1457 785 1524 quo
812 1433 927 1503 solent
953 1433 1010 1502 isti
1034 1431 1185 1523 gloriari.
1238 1429 1316 1498 Nos
1333 1430 1489 1521 quidem

431 1549 590 1630 dicimus
609 1550 691 1639 quia
713 1550 762 1617 sic
787 1570 856 1617 non
874 1548 992 1638 prodit
1016 1547 1190 1616 hereticis
1209 1544 1377 1615 Ecclesiae
1398 1545 1492 1635 bap·

430 1664 586 1744 tismum‚
605 1665 663 1754 qui
685 1664 898 1755 baptismum
918 1661 1050 1731 Christi
1079 1673 1116 1729 et
1141 1662 1176 1728 in
1204 1660 1377 1729 haereticis
1404 1683 1492 1751 pro·

431 1780 508 1862 bat3
532 1781 623 1849 sicut
641 1803 709 1848 nou
729 1780 847 1869 prodit
864 1778 1049 1847 homicidis
1068 1777 1234 1846 Ecclesiae
1251 1776 1489 1866 baptismum,

430 1896 488 1986 qui
508 1896 720 1987 baptismum
740 1893 871 1963 Christi
895 1906 931 1962 et
956 1896 991 1962 in
1016 1893 1201 1962 homicidis
1220 1892 1352 1983 probat.
1409 1892 1489 1962 Sed

429 2011 512 2101 quia
530 2011 587 2079 isti
605 2033 649 2078 ex
671 2010 738 2078 boc
762 2009 911 2078 correilio
935 2009 1036 2077 nobis
1060 2008 1280 2099 prescribere
1297 2006 1382 2097 quid
1401 2029 1491 2076 sen-

430 2126 497 2193 tire
521 2126 722 2205 debeamus,
740 2124 919 2205 affectant,
942 2124 1007 2215 ipsi
1032 2124 1163 2215 priores
1187 2124 1217 2191 ei
1243 2123 1488 2191 consentiant.

431 2239 525 2308 Ecce
550 2237 657 2308 Judae
687 2240 847 2309 traditori
878 2249 961 2309 sunt
988 2240 1193 2331 comparati,
1222 2239 1279 2330 qui
1308 2236 1489 2336 'dicebant

430 2354 615 2424 haereticos
641 2356 799 2445 quamvis
827 2357 862 2423 in
888 2354 1013 2424 haeresi
1040 2354 1236 2445 baptizatos
1260 2374 1329 2421 uon
1347 2352 1489 2423 debere

429 2472 559 2540 iterum
578 2473 758 2563 baptizari.
799 2471 950 2541 Talibus
967 2481 1086 2539 autem
1106 2470 1301 2561 Cyprianus
1318 2490 1490 2537 commu-

429 2587 580 2666 nicabat,
610 2588 667 2677 qui
702 2588 803 2664 dixit,
832 2587 999 2655 neminem
1021 2585 1231 2678 judicantes,
1262 2593 1322 2654 aut
1350 2607 1372 2653 a
1390 2584 1491 2676 jare

431 2700 679 2770 communionis
701 2698 847 2792 aliquem
873 2701 906 2768 si
931 2700 1102 2770 diuersum
1119 2699 1262 2770 senserit
1279 2708 1488 2770 amoventes.

431 2812 539 2884 Tales
565 2818 672 2885 etiam
699 2826 804 2885 antea
830 2816 936 2886 fuisse
964 2819 998 2885 in
1025 2816 1183 2885 Ecclesia
1206 2815 1382 2907 perillam
1402 2838 1489 2884 sen-

267 2949 344 3010 npm.
358 2958 396 3026 ⁷.³·
432 2931 581 2999 tentiam
600 2932 878 3014 manifestantur,
893 2933 952 3001 ubi
972 2935 1032 3012 ait,
1043 2930 1116 3004 Sed
1131 2930 1216 3001 dicit
1232 2928 1369 3024 aliquia,
1384 2929 1491 3019 Quid

266 3013 512 3140 adlubman'sequ
527 3046 592 3138 fiet
615 3045 657 3116 de
680 3044 735 3116 dis
760 3049 820 3140 qui
846 3048 884 3116 iu
904 3048 1122 3140 praeteritum
1141 3049 1179 3116 iu
1196 3043 1386 3117 Ecclesiam
1404 3048 1489 3118 sine

430 3158 598 3254 baptismo
623 3161 766 3233 admissi
792 3164 903 3234 sunt?
927 3164 1048 3234 Talem
1077 3165 1183 3233 fuisse
1205 3163 1370 3232 Ecclesiae
1397 3186 1483 3233 con·

432 3277 655 3348 suetudinem
690 3279 766 3370 ipsi,
797 3281 855 3369 qui
887 3279 955 3349 hoo
989 3280 1176 3349 concilium
1212 3279 1356 3358 faciunt,
1386 3300 1487 3371 saepe

432 3403 722 3463 commemorant.
775 3393 811 3463 Si
842 3417 925 3485 ergo
952 3391 1045 3463 oid-it
1069 3392 1169 3462 aliud
1189 3394 1390 3486 quicumque
1418 3391 1487 3464 doc

306 3510 309 3515 ’
421 3505 528 3601 fucit,
547 3531 648 3600 quam
674 3531 810 3601 sperasse
834 3507 970 3581 Otrtsa‘
985 3508 1102 3578 Judas
1127 3510 1271 3590 assistit,
1295 3511 1386 3578 sicut
1413 3511 1487 3579 ista

433 3623 608 3692 sententia
631 3627 858 3716 pronuntiata
881 3636 954 3707 est3
981 3624 1094 3694 Judas
1117 3636 1247 3705 autem,
1266 3625 1357 3693 sieut
1374 3623 1487 3695 docet

435 3735 678 3829 Evangelium‚
694 3741 842 3809 traditor
861 3740 946 3821 fuit;
974 3740 1202 3809 traditoribus
1220 3761 1303 3832 ergo
1322 3749 1486 3809 commu-
1510 3775 1512 3778 ·

433 3854 641 3922 nicaverunt
669 3877 800 3934 omnes,
818 3856 876 3945 qui
907 3866 992 3924 tunc
1018 3855 1126 3925 etiam
1154 3857 1222 3925 ista
1247 3855 1426 3938 dicebaut,
1445 3866 1487 3925 et

434 3977 622 4059 antequam
648 3971 715 4037 ista
738 3970 905 4050 dicerent,
925 3971 1111 4040 traditores
1128 3972 1211 4040 facti
1235 3979 1336 4040 erant
1359 3993 1488 4041 omnes

433 4106 496 4174 per
525 4083 622 4153 illam
650 4085 952 4166 consuetudinem,
972 4108 1077 4175 quam
1105 4095 1190 4155 tuuc
1215 4084 1374 4156 Ecclesia
1399 4088 1490 4155 reti-

435 4198 560 4267 nebat:
588 4219 710 4268 omnes
727 4221 821 4290 ergo,
840 4199 875 4268 id
894 4210 958 4278 est,
977 4211 1014 4269 et
1037 4222 1100 4270 nos
1122 4210 1160 4269 et
1182 4202 1247 4291 ipsi
1271 4202 1332 4290 qui
1353 4223 1399 4270 ex
1423 4201 1490 4272 illa

437 4311 576 4380 unitate
593 4313 774 4402 propagati
793 4335 922 4394 sumus,
942 4316 1128 4384 traditores
1145 4337 1277 4384 sumus.
1329 4316 1400 4385 Sed
1421 4327 1490 4389 nos

539 4569 552 4605 Ρ
568 4562 631 4619 Am.
647 4572 676 4619 et
691 4561 774 4618 MSS.
791 4565 827 4618 ad
835 4572 969 4637 posteros.
1015 4564 1064 4634 (Et
1079 4564 1169 4620 codex
1184 4564 1255 4621 alter
1271 4566 1373 4632 meus.)
