<?xml version="1.0" encoding="UTF-8"?>
<!DOCTYPE html PUBLIC "-//W3C//DTD XHTML 1.0 Transitional//EN"
    "http://www.w3.org/TR/xhtml1/DTD/xhtml1-transitional.dtd">
<html xmlns="http://www.w3.org/1999/xhtml" xml:lang="en" lang="en">
 <head>
  <title>
</title>
<meta http-equiv="Content-Type" content="text/html;charset=utf-8" />
  <meta name='ocr-system' content='tesseract 3.04.00' />
  <meta name='ocr-capabilities' content='ocr_page ocr_carea ocr_par ocr_line ocrx_word'/>
</head>
<body>
  <div class='ocr_page' id='page_1' title='image "./reliquiaesacrae02routgoog_0207.png"; bbox 0 0 3817 5692; ppageno 0'>
   <div class='ocr_carea' id='block_1_1' title="bbox 745 683 1422 754">
    <p class='ocr_par' dir='ltr' id='par_1_1' title="bbox 745 683 1422 754">
     <span class='ocr_line' id='line_1_1' title="bbox 745 683 1422 754; baseline 0.004 -7"><span class='ocrx_word' id='word_1_1' title='bbox 745 683 1054 747; x_wconf 81' lang='lat' dir='ltr'>DISPUTATIO.</span> <span class='ocrx_word' id='word_1_2' title='bbox 1358 686 1422 754; x_wconf 82' lang='lat'>193</span> 
     </span>
    </p>
   </div>
   <div class='ocr_carea' id='block_1_2' title="bbox 367 855 1423 3356">
    <p class='ocr_par' dir='ltr' id='par_1_2' title="bbox 367 855 1423 3356">
     <span class='ocr_line' id='line_1_2' title="bbox 371 855 1420 937; baseline 0.003 -11"><span class='ocrx_word' id='word_1_3' title='bbox 371 856 582 926; x_wconf 77' lang='lat' dir='ltr'>*accederet</span> <span class='ocrx_word' id='word_1_4' title='bbox 635 857 688 925; x_wconf 91' lang='lat' dir='ltr'>At</span> <span class='ocrx_word' id='word_1_5' title='bbox 723 855 782 924; x_wconf 92' lang='lat' dir='ltr'>ille</span> <span class='ocrx_word' id='word_1_6' title='bbox 816 856 967 926; x_wconf 77' lang='lat' dir='ltr'>suadens</span> <span class='ocrx_word' id='word_1_7' title='bbox 1002 878 1062 925; x_wconf 86' lang='lat' dir='ltr'>eos</span> <span class='ocrx_word' id='word_1_8' title='bbox 1096 855 1183 925; x_wconf 86' lang='lat' dir='ltr'>nihil</span> <span class='ocrx_word' id='word_1_9' title='bbox 1219 858 1341 937; x_wconf 89' lang='lat' dir='ltr'>vereri,</span> <span class='ocrx_word' id='word_1_10' title='bbox 1376 860 1420 929; x_wconf 91' lang='lat' dir='ltr'>ad</span> 
     </span>
     <span class='ocr_line' id='line_1_3' title="bbox 371 968 1421 1063; baseline 0.001 -24"><span class='ocrx_word' id='word_1_11' title='bbox 371 971 564 1040; x_wconf 87' lang='lat' dir='ltr'>orationem</span> <span class='ocrx_word' id='word_1_12' title='bbox 583 973 773 1063; x_wconf 79' lang='lat' dir='ltr'><strong>consurgit.</strong></span> <span class='ocrx_word' id='word_1_13' title='bbox 826 968 930 1040; x_wconf 86' lang='lat' dir='ltr'>Tunc</span> <span class='ocrx_word' id='word_1_14' title='bbox 948 970 1076 1039; x_wconf 89' lang='lat' dir='ltr'>deinde</span> <span class='ocrx_word' id='word_1_15' title='bbox 1092 970 1208 1061; x_wconf 88' lang='lat' dir='ltr'>jubet,</span> <span class='ocrx_word' id='word_1_16' title='bbox 1227 972 1263 1039; x_wconf 92' lang='lat' dir='ltr'>in</span> <span class='ocrx_word' id='word_1_17' title='bbox 1282 992 1421 1041; x_wconf 88' lang='lat' dir='ltr'>carcere</span> 
     </span>
     <span class='ocr_line' id='line_1_4' title="bbox 370 1084 1422 1178; baseline 0.002 -23"><span class='ocrx_word' id='word_1_18' title='bbox 370 1087 515 1177; x_wconf 89' lang='lat' dir='ltr'>positus,</span> <span class='ocrx_word' id='word_1_19' title='bbox 534 1086 622 1178; x_wconf 86' lang='lat' dir='ltr'>legis</span> <span class='ocrx_word' id='word_1_20' title='bbox 638 1086 918 1155; x_wconf 86' lang='lat' dir='ltr'>Christianomm</span> <span class='ocrx_word' id='word_1_21' title='bbox 942 1084 1050 1155; x_wconf 91' lang='lat' dir='ltr'>libros</span> <span class='ocrx_word' id='word_1_22' title='bbox 1075 1086 1293 1175; x_wconf 84' lang='lat' dir='ltr'>comparari;</span> <span class='ocrx_word' id='word_1_23' title='bbox 1320 1084 1422 1157; x_wconf 87' lang='lat' dir='ltr'>valde</span> 
     </span>
     <span class='ocr_line' id='line_1_5' title="bbox 371 1198 1423 1290; baseline 0.002 -23"><span class='ocrx_word' id='word_1_24' title='bbox 371 1200 465 1268; x_wconf 87' lang='lat' dir='ltr'>enim</span> <span class='ocrx_word' id='word_1_25' title='bbox 484 1199 530 1280; x_wconf 92' lang='lat' dir='ltr'>hi,</span> <span class='ocrx_word' id='word_1_26' title='bbox 549 1200 609 1289; x_wconf 91' lang='lat' dir='ltr'>qui</span> <span class='ocrx_word' id='word_1_27' title='bbox 626 1199 722 1267; x_wconf 89' lang='lat' dir='ltr'>missi</span> <span class='ocrx_word' id='word_1_28' title='bbox 741 1198 882 1267; x_wconf 87' lang='lat' dir='ltr'>fueraut</span> <span class='ocrx_word' id='word_1_29' title='bbox 898 1198 944 1267; x_wconf 91' lang='lat' dir='ltr'>ab</span> <span class='ocrx_word' id='word_1_30' title='bbox 971 1221 1014 1267; x_wconf 87' lang='lat' dir='ltr'>eo</span> <span class='ocrx_word' id='word_1_31' title='bbox 1040 1220 1103 1289; x_wconf 90' lang='lat' dir='ltr'>per</span> <span class='ocrx_word' id='word_1_32' title='bbox 1126 1198 1281 1290; x_wconf 86' lang='lat' dir='ltr'>singulas</span> <span class='ocrx_word' id='word_1_33' title='bbox 1299 1200 1423 1270; x_wconf 88' lang='lat' dir='ltr'>civita-</span> 
     </span>
     <span class='ocr_line' id='line_1_6' title="bbox 371 1312 1421 1397; baseline 0 -15"><span class='ocrx_word' id='word_1_34' title='bbox 371 1323 436 1396; x_wconf 89' lang='lat' dir='ltr'>tes,</span> <span class='ocrx_word' id='word_1_35' title='bbox 462 1314 507 1383; x_wconf 90' lang='lat' dir='ltr'>ab</span> <span class='ocrx_word' id='word_1_36' title='bbox 532 1314 696 1383; x_wconf 90' lang='lat' dir='ltr'>omnihus</span> <span class='ocrx_word' id='word_1_37' title='bbox 716 1313 919 1383; x_wconf 91' lang='lat' dir='ltr'>hominibus</span> <span class='ocrx_word' id='word_1_38' title='bbox 945 1313 1162 1382; x_wconf 79' lang='lat' dir='ltr'>execrationi</span> <span class='ocrx_word' id='word_1_39' title='bbox 1188 1312 1421 1397; x_wconf 78' lang='lat' dir='ltr'>habebantur,</span> 
     </span>
     <span class='ocr_line' id='line_1_7' title="bbox 370 1427 1421 1519; baseline 0.002 -23"><span class='ocrx_word' id='word_1_40' title='bbox 370 1429 525 1498; x_wconf 87' lang='lat' dir='ltr'>maxime</span> <span class='ocrx_word' id='word_1_41' title='bbox 542 1429 635 1519; x_wconf 90' lang='lat' dir='ltr'>apud</span> <span class='ocrx_word' id='word_1_42' title='bbox 653 1451 741 1519; x_wconf 89' lang='lat' dir='ltr'>quos</span> <span class='ocrx_word' id='word_1_43' title='bbox 758 1427 1038 1498; x_wconf 85' lang='lat' dir='ltr'>Christianorum</span> <span class='ocrx_word' id='word_1_44' title='bbox 1057 1449 1186 1497; x_wconf 89' lang='lat' dir='ltr'>nomen</span> <span class='ocrx_word' id='word_1_45' title='bbox 1203 1430 1421 1498; x_wconf 86' lang='lat' dir='ltr'>venerationi</span> 
     </span>
     <span class='ocr_line' id='line_1_8' title="bbox 370 1542 1422 1636; baseline 0.002 -25"><span class='ocrx_word' id='word_1_46' title='bbox 370 1553 457 1612; x_wconf 88' lang='lat' dir='ltr'>erat.</span> <span class='ocrx_word' id='word_1_47' title='bbox 509 1542 661 1635; x_wconf 86' lang='lat' dir='ltr'>Sumpto</span> <span class='ocrx_word' id='word_1_48' title='bbox 691 1566 775 1636; x_wconf 83' lang='lat' dir='ltr'>ergo</span> <span class='ocrx_word' id='word_1_49' title='bbox 804 1542 1024 1634; x_wconf 87' lang='lat' dir='ltr'>aliquantulo</span> <span class='ocrx_word' id='word_1_50' title='bbox 1054 1543 1131 1611; x_wconf 88' lang='lat' dir='ltr'>auri</span> <span class='ocrx_word' id='word_1_51' title='bbox 1162 1543 1278 1622; x_wconf 92' lang='lat' dir='ltr'>modo,</span> <span class='ocrx_word' id='word_1_52' title='bbox 1305 1544 1422 1613; x_wconf 86' lang='lat' dir='ltr'>uabie-</span> 
     </span>
     <span class='ocr_line' id='line_1_9' title="bbox 371 1654 1421 1749; baseline 0 -22"><span class='ocrx_word' id='word_1_53' title='bbox 371 1668 453 1727; x_wconf 91' lang='lat' dir='ltr'>runt</span> <span class='ocrx_word' id='word_1_54' title='bbox 471 1659 538 1726; x_wconf 64' lang='lat' dir='ltr'>aad</span> <span class='ocrx_word' id='word_1_55' title='bbox 555 1657 643 1739; x_wconf 88' lang='lat' dir='ltr'>loca,</span> <span class='ocrx_word' id='word_1_56' title='bbox 661 1659 697 1726; x_wconf 92' lang='lat' dir='ltr'>in</span> <span class='ocrx_word' id='word_1_57' title='bbox 714 1657 842 1749; x_wconf 90' lang='lat' dir='ltr'>quibus</span> <span class='ocrx_word' id='word_1_58' title='bbox 858 1654 1137 1727; x_wconf 91' lang='lat' dir='ltr'>Christianorum</span> <span class='ocrx_word' id='word_1_59' title='bbox 1165 1657 1243 1726; x_wconf 91' lang='lat' dir='ltr'>libri</span> <span class='ocrx_word' id='word_1_60' title='bbox 1270 1659 1421 1728; x_wconf 91' lang='lat' dir='ltr'>conscri-</span> 
     </span>
     <span class='ocr_line' id='line_1_10' title="bbox 370 1771 1419 1855; baseline 0 -14"><span class='ocrx_word' id='word_1_61' title='bbox 370 1772 554 1853; x_wconf 88' lang='lat' dir='ltr'>bebantur,</span> <span class='ocrx_word' id='word_1_62' title='bbox 572 1781 610 1841; x_wconf 91' lang='lat' dir='ltr'>et</span> <span class='ocrx_word' id='word_1_63' title='bbox 633 1772 838 1842; x_wconf 83' lang='lat' dir='ltr'>simulantes</span> <span class='ocrx_word' id='word_1_64' title='bbox 863 1793 901 1841; x_wconf 88' lang='lat' dir='ltr'>se</span> <span class='ocrx_word' id='word_1_65' title='bbox 926 1773 1070 1842; x_wconf 90' lang='lat' dir='ltr'>nuntios</span> <span class='ocrx_word' id='word_1_66' title='bbox 1096 1794 1172 1843; x_wconf 87' lang='lat' dir='ltr'>esse</span> <span class='ocrx_word' id='word_1_67' title='bbox 1190 1771 1419 1855; x_wconf 89' lang='lat' dir='ltr'>Christianos,</span> 
     </span>
     <span class='ocr_line' id='line_1_11' title="bbox 370 1887 1420 1980; baseline 0.002 -24"><span class='ocrx_word' id='word_1_68' title='bbox 370 1888 541 1980; x_wconf 84' lang='lat' dir='ltr'>rogabant</span> <span class='ocrx_word' id='word_1_69' title='bbox 567 1887 719 1978; x_wconf 83' lang='lat' dir='ltr'>praestari</span> <span class='ocrx_word' id='word_1_70' title='bbox 745 1887 811 1958; x_wconf 91' lang='lat' dir='ltr'>sibi</span> <span class='ocrx_word' id='word_1_71' title='bbox 840 1887 948 1958; x_wconf 89' lang='lat' dir='ltr'>libros</span> <span class='ocrx_word' id='word_1_72' title='bbox 977 1887 1022 1958; x_wconf 84' lang='lat' dir='ltr'>ad</span> <span class='ocrx_word' id='word_1_73' title='bbox 1049 1890 1344 1980; x_wconf 67' lang='lat' dir='ltr'>comparandum</span> <span class='ocrx_word' id='word_1_74' title='bbox 1371 1897 1420 1971; x_wconf 91' lang='lat' dir='ltr'>et,</span> 
     </span>
     <span class='ocr_line' id='line_1_12' title="bbox 371 2000 1421 2094; baseline 0.001 -24"><span class='ocrx_word' id='word_1_75' title='bbox 371 2011 411 2072; x_wconf 93' lang='lat' dir='ltr'>ut</span> <span class='ocrx_word' id='word_1_76' title='bbox 429 2025 474 2072; x_wconf 92' lang='lat' dir='ltr'>ne</span> <span class='ocrx_word' id='word_1_77' title='bbox 491 2001 606 2072; x_wconf 90' lang='lat' dir='ltr'>multa</span> <span class='ocrx_word' id='word_1_78' title='bbox 619 2002 747 2085; x_wconf 88' lang='lat' dir='ltr'>dicam,</span> <span class='ocrx_word' id='word_1_79' title='bbox 761 2011 968 2094; x_wconf 87' lang='lat' dir='ltr'>comparant</span> <span class='ocrx_word' id='word_1_80' title='bbox 981 2001 1163 2071; x_wconf 88' lang='lat' dir='ltr'>universos</span> <span class='ocrx_word' id='word_1_81' title='bbox 1180 2001 1288 2072; x_wconf 92' lang='lat' dir='ltr'>libros</span> <span class='ocrx_word' id='word_1_82' title='bbox 1302 2000 1421 2093; x_wconf 87' lang='lat' dir='ltr'>Scrip-</span> 
     </span>
     <span class='ocr_line' id='line_1_13' title="bbox 369 2116 1418 2197; baseline 0.002 -13"><span class='ocrx_word' id='word_1_83' title='bbox 369 2128 527 2185; x_wconf 87' lang='lat' dir='ltr'>turarum</span> <span class='ocrx_word' id='word_1_84' title='bbox 554 2125 761 2197; x_wconf 88' lang='lat' dir='ltr'>nostrarum,</span> <span class='ocrx_word' id='word_1_85' title='bbox 782 2126 820 2186; x_wconf 93' lang='lat' dir='ltr'>et</span> <span class='ocrx_word' id='word_1_86' title='bbox 842 2116 1009 2187; x_wconf 87' lang='lat' dir='ltr'>deferunt</span> <span class='ocrx_word' id='word_1_87' title='bbox 1037 2116 1081 2186; x_wconf 85' lang='lat' dir='ltr'>ad</span> <span class='ocrx_word' id='word_1_88' title='bbox 1107 2137 1189 2185; x_wconf 87' lang='lat' dir='ltr'>eum</span> <span class='ocrx_word' id='word_1_89' title='bbox 1215 2116 1252 2184; x_wconf 93' lang='lat' dir='ltr'>in</span> <span class='ocrx_word' id='word_1_90' title='bbox 1278 2139 1418 2186; x_wconf 88' lang='lat' dir='ltr'>carcere</span> 
     </span>
     <span class='ocr_line' id='line_1_14' title="bbox 369 2230 1419 2323; baseline 0.002 -25"><span class='ocrx_word' id='word_1_91' title='bbox 369 2231 614 2310; x_wconf 89' lang='lat' dir='ltr'>constitutum,</span> <span class='ocrx_word' id='word_1_92' title='bbox 628 2231 755 2322; x_wconf 92' lang='lat' dir='ltr'>quibus</span> <span class='ocrx_word' id='word_1_93' title='bbox 773 2230 833 2302; x_wconf 88' lang='lat' dir='ltr'>illc</span> <span class='ocrx_word' id='word_1_94' title='bbox 850 2233 1015 2323; x_wconf 87' lang='lat' dir='ltr'>acceptis,</span> <span class='ocrx_word' id='word_1_95' title='bbox 1029 2230 1136 2301; x_wconf 91' lang='lat' dir='ltr'>homo</span> <span class='ocrx_word' id='word_1_96' title='bbox 1154 2240 1293 2300; x_wconf 87' lang='lat' dir='ltr'>astutus</span> <span class='ocrx_word' id='word_1_97' title='bbox 1310 2232 1419 2323; x_wconf 87' lang='lat' dir='ltr'>coepit</span> 
     </span>
     <span class='ocr_line' id='line_1_15' title="bbox 367 2344 1418 2436; baseline 0.002 -23"><span class='ocrx_word' id='word_1_98' title='bbox 367 2346 425 2414; x_wconf 69' lang='lat' dir='ltr'>lin</span> <span class='ocrx_word' id='word_1_99' title='bbox 444 2345 570 2415; x_wconf 91' lang='lat' dir='ltr'>nostris</span> <span class='ocrx_word' id='word_1_100' title='bbox 587 2346 686 2416; x_wconf 92' lang='lat' dir='ltr'>libris</span> <span class='ocrx_word' id='word_1_101' title='bbox 702 2347 902 2416; x_wconf 83' lang='lat' dir='ltr'>occasiones</span> <span class='ocrx_word' id='word_1_102' title='bbox 926 2346 1104 2436; x_wconf 85' lang='lat' dir='ltr'>inquirere</span> <span class='ocrx_word' id='word_1_103' title='bbox 1128 2344 1311 2417; x_wconf 86' lang='lat' dir='ltr'>dualitatis</span> <span class='ocrx_word' id='word_1_104' title='bbox 1335 2368 1418 2427; x_wconf 86' lang='lat' dir='ltr'>suae,</span> 
     </span>
     <span class='ocr_line' id='line_1_16' title="bbox 369 2460 1418 2557; baseline 0.002 -29"><span class='ocrx_word' id='word_1_105' title='bbox 369 2483 433 2529; x_wconf 87' lang='lat' dir='ltr'>neo</span> <span class='ocrx_word' id='word_1_106' title='bbox 456 2484 527 2532; x_wconf 86' lang='lat' dir='ltr'>suae</span> <span class='ocrx_word' id='word_1_107' title='bbox 550 2461 706 2551; x_wconf 90' lang='lat' dir='ltr'>quidem,</span> <span class='ocrx_word' id='word_1_108' title='bbox 724 2462 784 2531; x_wconf 90' lang='lat' dir='ltr'>sed</span> <span class='ocrx_word' id='word_1_109' title='bbox 807 2460 1001 2553; x_wconf 84' lang='lat' dir='ltr'>Scythiani,</span> <span class='ocrx_word' id='word_1_110' title='bbox 1019 2461 1079 2552; x_wconf 92' lang='lat' dir='ltr'>qui</span> <span class='ocrx_word' id='word_1_111' title='bbox 1105 2460 1173 2530; x_wconf 93' lang='lat' dir='ltr'>hoc</span> <span class='ocrx_word' id='word_1_112' title='bbox 1199 2471 1283 2532; x_wconf 88' lang='lat' dir='ltr'>ante</span> <span class='ocrx_word' id='word_1_113' title='bbox 1308 2461 1418 2557; x_wconf 83' lang='lat' dir='ltr'>pluri·</span> 
     </span>
     <span class='ocr_line' id='line_1_17' title="bbox 367 2574 1419 2668; baseline 0.004 -26"><span class='ocrx_word' id='word_1_114' title='bbox 367 2597 466 2645; x_wconf 91' lang='lat' dir='ltr'>mum</span> <span class='ocrx_word' id='word_1_115' title='bbox 490 2577 658 2667; x_wconf 82' lang='lat' dir='ltr'>temporis</span> <span class='ocrx_word' id='word_1_116' title='bbox 674 2574 897 2668; x_wconf 77' lang='lat' dir='ltr'>¹protulerat;</span> <span class='ocrx_word' id='word_1_117' title='bbox 923 2582 961 2644; x_wconf 89' lang='lat' dir='ltr'>ct</span> <span class='ocrx_word' id='word_1_118' title='bbox 987 2576 1023 2645; x_wconf 92' lang='lat' dir='ltr'>in</span> <span class='ocrx_word' id='word_1_119' title='bbox 1049 2575 1176 2645; x_wconf 90' lang='lat' dir='ltr'>nostris</span> <span class='ocrx_word' id='word_1_120' title='bbox 1201 2574 1308 2655; x_wconf 91' lang='lat' dir='ltr'>libris,</span> <span class='ocrx_word' id='word_1_121' title='bbox 1326 2578 1419 2646; x_wconf 91' lang='lat' dir='ltr'>sicut</span> 
     </span>
     <span class='ocr_line' id='line_1_18' title="bbox 367 2689 1416 2781; baseline 0.002 -23"><span class='ocrx_word' id='word_1_122' title='bbox 367 2690 473 2759; x_wconf 89' lang='lat' dir='ltr'>etiam</span> <span class='ocrx_word' id='word_1_123' title='bbox 493 2692 660 2761; x_wconf 89' lang='lat' dir='ltr'>adversus</span> <span class='ocrx_word' id='word_1_124' title='bbox 679 2713 738 2759; x_wconf 90' lang='lat' dir='ltr'>me</span> <span class='ocrx_word' id='word_1_125' title='bbox 756 2690 937 2781; x_wconf 88' lang='lat' dir='ltr'>disputans</span> <span class='ocrx_word' id='word_1_126' title='bbox 955 2689 1053 2770; x_wconf 85' lang='lat' dir='ltr'>fecit,</span> <span class='ocrx_word' id='word_1_127' title='bbox 1070 2689 1298 2759; x_wconf 88' lang='lat' dir='ltr'>assertionem</span> <span class='ocrx_word' id='word_1_128' title='bbox 1316 2712 1416 2760; x_wconf 88' lang='lat' dir='ltr'>suam</span> 
     </span>
     <span class='ocr_line' id='line_1_19' title="bbox 368 2802 1420 2897; baseline 0.003 -25"><span class='ocrx_word' id='word_1_129' title='bbox 368 2806 531 2895; x_wconf 83' lang='lat' dir='ltr'>proferre,</span> <span class='ocrx_word' id='word_1_130' title='bbox 557 2806 715 2897; x_wconf 73' lang='lat' dir='ltr'>quaedam</span> <span class='ocrx_word' id='word_1_131' title='bbox 743 2806 778 2873; x_wconf 93' lang='lat' dir='ltr'>in</span> <span class='ocrx_word' id='word_1_132' title='bbox 807 2802 862 2875; x_wconf 89' lang='lat' dir='ltr'>his</span> <span class='ocrx_word' id='word_1_133' title='bbox 889 2825 1067 2887; x_wconf 84' lang='lat' dir='ltr'>accusans,</span> <span class='ocrx_word' id='word_1_134' title='bbox 1095 2804 1254 2895; x_wconf 84' lang='lat' dir='ltr'>quoedam</span> <span class='ocrx_word' id='word_1_135' title='bbox 1279 2826 1420 2894; x_wconf 90' lang='lat' dir='ltr'>permu-</span> 
     </span>
     <span class='ocr_line' id='line_1_20' title="bbox 368 2919 1418 3011; baseline 0.001 -22"><span class='ocrx_word' id='word_1_136' title='bbox 368 2931 456 3002; x_wconf 87' lang='lat' dir='ltr'>tans,</span> <span class='ocrx_word' id='word_1_137' title='bbox 479 2921 554 2991; x_wconf 92' lang='lat' dir='ltr'>solo</span> <span class='ocrx_word' id='word_1_138' title='bbox 575 2920 707 2991; x_wconf 86' lang='lat' dir='ltr'>Christi</span> <span class='ocrx_word' id='word_1_139' title='bbox 733 2920 876 2990; x_wconf 89' lang='lat' dir='ltr'>nomine</span> <span class='ocrx_word' id='word_1_140' title='bbox 901 2920 1063 3010; x_wconf 83' lang='lat' dir='ltr'>adject03</span> <span class='ocrx_word' id='word_1_141' title='bbox 1089 2941 1197 3011; x_wconf 93' lang='lat' dir='ltr'>quem</span> <span class='ocrx_word' id='word_1_142' title='bbox 1222 2943 1261 2989; x_wconf 88' lang='lat' dir='ltr'>se</span> <span class='ocrx_word' id='word_1_143' title='bbox 1286 2919 1418 2990; x_wconf 92' lang='lat' dir='ltr'>idcirco</span> 
     </span>
     <span class='ocr_line' id='line_1_21' title="bbox 367 3033 1416 3127; baseline 0.002 -24"><span class='ocrx_word' id='word_1_144' title='bbox 367 3036 543 3126; x_wconf 86' lang='lat' dir='ltr'>suscipere</span> <span class='ocrx_word' id='word_1_145' title='bbox 560 3034 748 3116; x_wconf 90' lang='lat' dir='ltr'>simulavit,</span> <span class='ocrx_word' id='word_1_146' title='bbox 767 3044 808 3104; x_wconf 91' lang='lat' dir='ltr'>ut</span> <span class='ocrx_word' id='word_1_147' title='bbox 824 3057 887 3126; x_wconf 91' lang='lat' dir='ltr'>per</span> <span class='ocrx_word' id='word_1_148' title='bbox 903 3036 1066 3104; x_wconf 87' lang='lat' dir='ltr'>civitates</span> <span class='ocrx_word' id='word_1_149' title='bbox 1082 3033 1237 3127; x_wconf 87' lang='lat' dir='ltr'>singulas</span> <span class='ocrx_word' id='word_1_150' title='bbox 1254 3042 1416 3105; x_wconf 88' lang='lat' dir='ltr'>sanctum</span> 
     </span>
     <span class='ocr_line' id='line_1_22' title="bbox 368 3139 1418 3229; baseline 0.004 -14"><span class='ocrx_word' id='word_1_151' title='bbox 368 3157 405 3215; x_wconf 89' lang='lat' dir='ltr'>et</span> <span class='ocrx_word' id='word_1_152' title='bbox 436 3148 594 3217; x_wconf 84' lang='lat' dir='ltr'>divinum</span> <span class='ocrx_word' id='word_1_153' title='bbox 623 3171 753 3218; x_wconf 92' lang='lat' dir='ltr'>nomen</span> <span class='ocrx_word' id='word_1_154' title='bbox 785 3148 970 3218; x_wconf 87' lang='lat' dir='ltr'>audientes</span> <span class='ocrx_word' id='word_1_155' title='bbox 995 3139 1136 3229; x_wconf 85' lang='lat' dir='ltr'>Christi,</span> <span class='ocrx_word' id='word_1_156' title='bbox 1162 3149 1308 3218; x_wconf 90' lang='lat' dir='ltr'>minime</span> <span class='ocrx_word' id='word_1_157' title='bbox 1334 3171 1418 3219; x_wconf 83' lang='lat' dir='ltr'>exe·</span> 
     </span>
     <span class='ocr_line' id='line_1_23' title="bbox 367 3263 1420 3356; baseline 0.003 -25"><span class='ocrx_word' id='word_1_158' title='bbox 367 3271 505 3333; x_wconf 87' lang='lat' dir='ltr'>orantes</span> <span class='ocrx_word' id='word_1_159' title='bbox 523 3286 593 3345; x_wconf 91' lang='lat' dir='ltr'>eos,</span> <span class='ocrx_word' id='word_1_160' title='bbox 611 3263 818 3355; x_wconf 81' lang='lat' dir='ltr'>&#39;discipulos</span> <span class='ocrx_word' id='word_1_161' title='bbox 841 3264 943 3334; x_wconf 91' lang='lat' dir='ltr'>istius</span> <span class='ocrx_word' id='word_1_162' title='bbox 965 3286 1035 3334; x_wconf 89' lang='lat' dir='ltr'>non</span> <span class='ocrx_word' id='word_1_163' title='bbox 1059 3264 1260 3356; x_wconf 84' lang='lat' dir='ltr'>fatigarent.</span> <span class='ocrx_word' id='word_1_164' title='bbox 1314 3263 1420 3334; x_wconf 83' lang='lat' dir='ltr'>Inre-</span> 
     </span>
    </p>
   </div>
   <div class='ocr_carea' id='block_1_3' title="bbox 365 3531 1417 3877">
    <p class='ocr_par' dir='ltr' id='par_1_3' title="bbox 408 3531 1161 3608">
     <span class='ocr_line' id='line_1_24' title="bbox 408 3531 1161 3608; baseline 0.001 -20"><span class='ocrx_word' id='word_1_165' title='bbox 408 3539 416 3568; x_wconf 81' lang='lat'>¹</span> <span class='ocrx_word' id='word_1_166' title='bbox 431 3531 526 3598; x_wconf 82' lang='lat' dir='ltr'>Forte,</span> <span class='ocrx_word' id='word_1_167' title='bbox 541 3532 820 3607; x_wconf 70' lang='lat' dir='ltr'>accideret-Atque</span> <span class='ocrx_word' id='word_1_168' title='bbox 834 3533 874 3590; x_wconf 88' lang='lat' dir='ltr'>ita</span> <span class='ocrx_word' id='word_1_169' title='bbox 887 3533 1001 3608; x_wconf 89' lang='lat' dir='ltr'>quidem</span> <span class='ocrx_word' id='word_1_170' title='bbox 1017 3532 1080 3589; x_wconf 90' lang='lat' dir='ltr'>cod.</span> <span class='ocrx_word' id='word_1_171' title='bbox 1093 3532 1161 3589; x_wconf 84' lang='lat' dir='ltr'>Vnt.</span> 
     </span>
    </p>

    <p class='ocr_par' dir='ltr' id='par_1_4' title="bbox 365 3627 1417 3877">
     <span class='ocr_line' id='line_1_25' title="bbox 408 3627 1412 3692; baseline 0 -8"><span class='ocrx_word' id='word_1_172' title='bbox 408 3641 423 3670; x_wconf 78' lang='lat'>¹¹</span> <span class='ocrx_word' id='word_1_173' title='bbox 440 3628 512 3685; x_wconf 89' lang='lat' dir='ltr'>Cod.</span> <span class='ocrx_word' id='word_1_174' title='bbox 529 3629 595 3685; x_wconf 87' lang='lat' dir='ltr'>Vat.</span> <span class='ocrx_word' id='word_1_175' title='bbox 612 3630 735 3686; x_wconf 62' lang='lat' dir='ltr'>rihmot</span> <span class='ocrx_word' id='word_1_176' title='bbox 748 3630 786 3685; x_wconf 82' lang='lat' dir='ltr'>ad</span> <span class='ocrx_word' id='word_1_177' title='bbox 798 3630 847 3685; x_wconf 83' lang='lat' dir='ltr'>illu</span> <span class='ocrx_word' id='word_1_178' title='bbox 861 3630 930 3685; x_wconf 85' lang='lat' dir='ltr'>loco.</span> <span class='ocrx_word' id='word_1_179' title='bbox 974 3629 1056 3692; x_wconf 81' lang='lat' dir='ltr'>Mox,</span> <span class='ocrx_word' id='word_1_180' title='bbox 1071 3647 1100 3684; x_wconf 91' lang='lat' dir='ltr'>se</span> <span class='ocrx_word' id='word_1_181' title='bbox 1114 3629 1231 3684; x_wconf 80' lang='lat' dir='ltr'>novitios</span> <span class='ocrx_word' id='word_1_182' title='bbox 1244 3647 1303 3685; x_wconf 80' lang='lat' dir='ltr'>eree</span> <span class='ocrx_word' id='word_1_183' title='bbox 1318 3627 1412 3685; x_wconf 78' lang='lat' dir='ltr'>Chris·</span> 
     </span>
     <span class='ocr_line' id='line_1_26' title="bbox 366 3725 1417 3799; baseline 0.001 -18"><span class='ocrx_word' id='word_1_184' title='bbox 366 3726 464 3789; x_wconf 83' lang='lat' dir='ltr'>tiones,</span> <span class='ocrx_word' id='word_1_185' title='bbox 485 3743 537 3798; x_wconf 90' lang='lat' dir='ltr'>pro</span> <span class='ocrx_word' id='word_1_186' title='bbox 558 3727 675 3782; x_wconf 78' lang='lat' dir='ltr'>nuntios.</span> <span class='ocrx_word' id='word_1_187' title='bbox 718 3725 806 3781; x_wconf 89' lang='lat' dir='ltr'>Paulo</span> <span class='ocrx_word' id='word_1_188' title='bbox 825 3733 900 3799; x_wconf 88' lang='lat' dir='ltr'>post,</span> <span class='ocrx_word' id='word_1_189' title='bbox 920 3733 947 3781; x_wconf 81' lang='lat' dir='ltr'>et</span> <span class='ocrx_word' id='word_1_190' title='bbox 971 3744 1004 3781; x_wconf 77' lang='lat' dir='ltr'>ne</span> <span class='ocrx_word' id='word_1_191' title='bbox 1026 3725 1111 3781; x_wconf 78' lang='lat' dir='ltr'>multo</span> <span class='ocrx_word' id='word_1_192' title='bbox 1133 3725 1229 3789; x_wconf 72' lang='lat' dir='ltr'>dican,</span> <span class='ocrx_word' id='word_1_193' title='bbox 1244 3733 1271 3781; x_wconf 81' lang='lat' dir='ltr'>et</span> <span class='ocrx_word' id='word_1_194' title='bbox 1292 3726 1417 3798; x_wconf 78' lang='lat' dir='ltr'>referunt</span> 
     </span>
     <span class='ocr_line' id='line_1_27' title="bbox 365 3822 482 3877; baseline 0 -2"><span class='ocrx_word' id='word_1_195' title='bbox 365 3822 402 3876; x_wconf 87' lang='lat' dir='ltr'>od</span> <span class='ocrx_word' id='word_1_196' title='bbox 414 3839 482 3877; x_wconf 79' lang='lat' dir='ltr'>eam.</span> 
     </span>
    </p>
   </div>
   <div class='ocr_carea' id='block_1_4' title="bbox 363 4012 1414 4749">
    <p class='ocr_par' dir='ltr' id='par_1_5' title="bbox 363 4012 1413 4459">
     <span class='ocr_line' id='line_1_28' title="bbox 364 4012 1412 4088; baseline 0.003 -19"><span class='ocrx_word' id='word_1_197' title='bbox 364 4012 550 4070; x_wconf 82' lang='lat' dir='ltr'>custodierint</span> <span class='ocrx_word' id='word_1_198' title='bbox 572 4012 736 4077; x_wconf 81' lang='lat' dir='ltr'>Christiani,</span> <span class='ocrx_word' id='word_1_199' title='bbox 759 4022 788 4070; x_wconf 88' lang='lat' dir='ltr'>et</span> <span class='ocrx_word' id='word_1_200' title='bbox 812 4023 918 4088; x_wconf 87' lang='lat' dir='ltr'>quanto</span> <span class='ocrx_word' id='word_1_201' title='bbox 942 4014 1105 4071; x_wconf 79' lang='lat' dir='ltr'>curaverint</span> <span class='ocrx_word' id='word_1_202' title='bbox 1127 4013 1231 4079; x_wconf 89' lang='lat' dir='ltr'>studio,</span> <span class='ocrx_word' id='word_1_203' title='bbox 1257 4033 1293 4071; x_wconf 89' lang='lat' dir='ltr'>ne</span> <span class='ocrx_word' id='word_1_204' title='bbox 1317 4034 1412 4073; x_wconf 88' lang='lat' dir='ltr'>sacro·</span> 
     </span>
     <span class='ocr_line' id='line_1_29' title="bbox 364 4109 1413 4186; baseline 0.004 -20"><span class='ocrx_word' id='word_1_205' title='bbox 364 4119 470 4167; x_wconf 85' lang='lat' dir='ltr'>sanctae</span> <span class='ocrx_word' id='word_1_206' title='bbox 483 4109 572 4186; x_wconf 84' lang='lat' dir='ltr'>Legis</span> <span class='ocrx_word' id='word_1_207' title='bbox 590 4109 654 4166; x_wconf 90' lang='lat' dir='ltr'>libri</span> <span class='ocrx_word' id='word_1_208' title='bbox 673 4109 709 4166; x_wconf 87' lang='lat' dir='ltr'>ad</span> <span class='ocrx_word' id='word_1_209' title='bbox 724 4110 880 4167; x_wconf 89' lang='lat' dir='ltr'>Gentilium</span> <span class='ocrx_word' id='word_1_210' title='bbox 901 4129 1002 4168; x_wconf 89' lang='lat' dir='ltr'>manus</span> <span class='ocrx_word' id='word_1_211' title='bbox 1023 4109 1213 4185; x_wconf 86' lang='lat' dir='ltr'>pervenirent,</span> <span class='ocrx_word' id='word_1_212' title='bbox 1229 4111 1314 4167; x_wconf 91' lang='lat' dir='ltr'>etiam</span> <span class='ocrx_word' id='word_1_213' title='bbox 1332 4121 1413 4170; x_wconf 87' lang='lat' dir='ltr'>ante·</span> 
     </span>
     <span class='ocr_line' id='line_1_30' title="bbox 363 4206 1412 4282; baseline 0 -18"><span class='ocrx_word' id='word_1_214' title='bbox 363 4228 447 4282; x_wconf 88' lang='lat' dir='ltr'>quam</span> <span class='ocrx_word' id='word_1_215' title='bbox 462 4207 631 4264; x_wconf 85' lang='lat' dir='ltr'>Diocletiani</span> <span class='ocrx_word' id='word_1_216' title='bbox 646 4207 805 4281; x_wconf 88' lang='lat' dir='ltr'>persecutio</span> <span class='ocrx_word' id='word_1_217' title='bbox 820 4215 920 4264; x_wconf 84' lang='lat' dir='ltr'>exorta</span> <span class='ocrx_word' id='word_1_218' title='bbox 933 4216 1020 4274; x_wconf 87' lang='lat' dir='ltr'>esset,</span> <span class='ocrx_word' id='word_1_219' title='bbox 1034 4227 1068 4264; x_wconf 87' lang='lat' dir='ltr'>ac</span> <span class='ocrx_word' id='word_1_220' title='bbox 1081 4207 1243 4265; x_wconf 85' lang='lat' dir='ltr'>traditionis</span> <span class='ocrx_word' id='word_1_221' title='bbox 1257 4206 1412 4281; x_wconf 91' lang='lat' dir='ltr'>periculum</span> 
     </span>
     <span class='ocr_line' id='line_1_31' title="bbox 363 4302 1412 4379; baseline 0.001 -21"><span class='ocrx_word' id='word_1_222' title='bbox 363 4304 531 4361; x_wconf 86' lang='lat' dir='ltr'>immineret.</span> <span class='ocrx_word' id='word_1_223' title='bbox 576 4303 720 4361; x_wconf 72' lang='lat' dir='ltr'>Praeterea</span> <span class='ocrx_word' id='word_1_224' title='bbox 740 4304 807 4360; x_wconf 87' lang='lat' dir='ltr'>hinc</span> <span class='ocrx_word' id='word_1_225' title='bbox 827 4312 954 4379; x_wconf 83' lang='lat' dir='ltr'>apparet,</span> <span class='ocrx_word' id='word_1_226' title='bbox 970 4323 1028 4361; x_wconf 91' lang='lat' dir='ltr'>non</span> <span class='ocrx_word' id='word_1_227' title='bbox 1050 4303 1161 4379; x_wconf 90' lang='lat' dir='ltr'>ubique,</span> <span class='ocrx_word' id='word_1_228' title='bbox 1176 4302 1227 4360; x_wconf 86' lang='lat' dir='ltr'>sed</span> <span class='ocrx_word' id='word_1_229' title='bbox 1245 4303 1331 4360; x_wconf 86' lang='lat' dir='ltr'>certis</span> <span class='ocrx_word' id='word_1_230' title='bbox 1350 4303 1412 4378; x_wconf 92' lang='lat' dir='ltr'>qui·</span> 
     </span>
     <span class='ocr_line' id='line_1_32' title="bbox 363 4400 1256 4459; baseline 0 -2"><span class='ocrx_word' id='word_1_231' title='bbox 363 4401 482 4457; x_wconf 87' lang='lat' dir='ltr'>busdam</span> <span class='ocrx_word' id='word_1_232' title='bbox 496 4402 525 4457; x_wconf 91' lang='lat' dir='ltr'>in</span> <span class='ocrx_word' id='word_1_233' title='bbox 539 4402 609 4459; x_wconf 91' lang='lat' dir='ltr'>locis</span> <span class='ocrx_word' id='word_1_234' title='bbox 623 4401 850 4459; x_wconf 87' lang='lat' dir='ltr'>Christianorum</span> <span class='ocrx_word' id='word_1_235' title='bbox 865 4401 953 4458; x_wconf 90' lang='lat' dir='ltr'>libros</span> <span class='ocrx_word' id='word_1_236' title='bbox 967 4402 1051 4459; x_wconf 84' lang='lat' dir='ltr'>vendi</span> <span class='ocrx_word' id='word_1_237' title='bbox 1066 4400 1256 4458; x_wconf 84' lang='lat' dir='ltr'>consuevisse.</span> 
     </span>
    </p>

    <p class='ocr_par' dir='ltr' id='par_1_6' title="bbox 405 4496 901 4556">
     <span class='ocr_line' id='line_1_33' title="bbox 405 4496 901 4556; baseline 0.004 -3"><span class='ocrx_word' id='word_1_238' title='bbox 405 4506 417 4542; x_wconf 73' lang='lat' dir='ltr'>l</span> <span class='ocrx_word' id='word_1_239' title='bbox 433 4496 506 4553; x_wconf 91' lang='lat' dir='ltr'>Cod.</span> <span class='ocrx_word' id='word_1_240' title='bbox 524 4496 593 4555; x_wconf 80' lang='lat' dir='ltr'>Vat.</span> <span class='ocrx_word' id='word_1_241' title='bbox 608 4507 635 4555; x_wconf 78' lang='lat' dir='ltr'>er</span> <span class='ocrx_word' id='word_1_242' title='bbox 649 4518 683 4554; x_wconf 77' lang='lat' dir='ltr'>er</span> <span class='ocrx_word' id='word_1_243' title='bbox 696 4500 798 4556; x_wconf 79' lang='lat' dir='ltr'>nostris</span> <span class='ocrx_word' id='word_1_244' title='bbox 812 4498 901 4555; x_wconf 76' lang='lat' dir='ltr'>libris.</span> 
     </span>
    </p>

    <p class='ocr_par' dir='ltr' id='par_1_7' title="bbox 365 4591 1414 4749">
     <span class='ocr_line' id='line_1_34' title="bbox 405 4591 1414 4670; baseline 0.001 -23"><span class='ocrx_word' id='word_1_245' title='bbox 405 4591 468 4648; x_wconf 84' lang='lat' dir='ltr'>²In</span> <span class='ocrx_word' id='word_1_246' title='bbox 483 4593 583 4650; x_wconf 85' lang='lat' dir='ltr'>eodem</span> <span class='ocrx_word' id='word_1_247' title='bbox 597 4594 661 4652; x_wconf 90' lang='lat' dir='ltr'>cod.</span> <span class='ocrx_word' id='word_1_248' title='bbox 676 4595 743 4651; x_wconf 82' lang='lat' dir='ltr'>Vat.</span> <span class='ocrx_word' id='word_1_249' title='bbox 758 4595 905 4670; x_wconf 76' lang='lat' dir='ltr'>discipulos</span> <span class='ocrx_word' id='word_1_250' title='bbox 918 4595 1000 4651; x_wconf 81' lang='lat' dir='ltr'>istius</span> <span class='ocrx_word' id='word_1_251' title='bbox 1021 4614 1072 4652; x_wconf 79' lang='lat' dir='ltr'>non</span> <span class='ocrx_word' id='word_1_252' title='bbox 1084 4594 1227 4670; x_wconf 70' lang='lat' dir='ltr'>firqamt.</span> <span class='ocrx_word' id='word_1_253' title='bbox 1270 4591 1414 4649; x_wconf 72' lang='lat' dir='ltr'>Invenietis</span> 
     </span>
     <span class='ocr_line' id='line_1_35' title="bbox 365 4704 906 4749; baseline 0.011 -6"><span class='ocrx_word' id='word_1_254' title='bbox 365 4704 432 4746; x_wconf 83' lang='lat' dir='ltr'>vor..</span> <span class='ocrx_word' id='word_1_255' title='bbox 449 4706 479 4747; x_wconf 88' lang='lat' dir='ltr'>v.</span> <span class='ocrx_word' id='word_1_256' title='bbox 858 4708 906 4749; x_wconf 90' lang='lat' dir='ltr'>oc</span> 
     </span>
    </p>
   </div>
   <div class='ocr_carea' id='block_1_5' title="bbox 0 0 1914 5692">
    <p class='ocr_par' dir='ltr' id='par_1_8' title="bbox 0 0 1914 5692">
     <span class='ocr_line' id='line_1_36' title="bbox 0 0 1914 5692; baseline 0 2"><span class='ocrx_word' id='word_1_257' title='bbox 0 0 1914 5692; x_wconf 95' lang='lat' dir='ltr'> </span> 
     </span>
    </p>
   </div>
  </div>
 </body>
</html>
