3817 5692
600 685 844 748 RESPONSA
869 685 935 747 AD
959 683 1224 748 EPISCOPOS.
1367 683 1431 745 223

385 859 480 928 intus
505 857 646 939 habeat,
672 860 764 948 quod
793 856 917 926 illicite
945 858 1028 927 foris
1055 856 1219 927 habebat.
1271 855 1342 926 Sed
1370 856 1432 925 ali·

385 976 463 1064 quis
488 974 631 1042 forsitan
653 983 797 1063 quaerat,
815 973 899 1062 quid
925 973 970 1041 de
993 972 1058 1041 hac
1082 996 1119 1041 re
1137 967 1246 1041 lbeati
1265 970 1431 1063 Cypriani

385 1088 533 1179 epistola
550 1090 593 1157 ad
612 1088 832 1180 Stephanum
850 1088 991 1168 dixerit,
1001 1088 1101 1178 cujus
1118 1088 1154 1155 in
1172 1086 1238 1155 hac
1256 1087 1433 1156 sententia

385 1204 674 1273 commemoratio
692 1204 786 1274 iacta
802 1210 866 1283 est,
886 1225 968 1271 cum
987 1204 1022 1270 in
1040 1203 1186 1271 exordio
1203 1201 1343 1271 concilii
1361 1223 1432 1270 non

384 1318 734 1396 recommemorata,
752 1317 856 1385 credo
873 1316 956 1405 quia
971 1338 1040 1385 non
1060 1323 1222 1406 putatum
1242 1324 1294 1384 est
1313 1338 1433 1385 neces·

385 1432 527 1500 sarium.
580 1430 675 1500 Nam
700 1440 738 1499 et
760 1432 870 1521 ipsam
889 1432 926 1499 in
942 1432 1012 1499 isto
1029 1439 1125 1499 coetu
1143 1431 1433 1499 consacerdotum

385 1545 516 1614 lectam
541 1568 617 1615 esse
640 1546 751 1613 dixit:
778 1545 871 1635 quod
890 1544 1024 1613 factum
1043 1546 1187 1613 omnino
1208 1567 1279 1612 non
1297 1544 1432 1624 dubito,

386 1668 558 1749 quantum
589 1659 747 1738 arbitror,
778 1667 818 1726 nt
848 1658 922 1726 fieri
958 1657 1059 1740 solet,
1090 1681 1160 1748 quo
1190 1667 1334 1750 possent
1356 1660 1433 1749 jam

387 1772 589 1864 congregati
616 1772 769 1863 episcopi
796 1772 903 1841 etiarn
929 1772 976 1841 de
1001 1770 1062 1841 illa
1090 1795 1210 1842 caussa
1241 1771 1344 1841 simul
1371 1770 1434 1840 ali·

387 1886 471 1974 quid
489 1907 710 1977 cognoscere,
728 1907 804 1974 quac
826 1884 888 1955 illa
909 1885 1059 1978 epistola
1076 1886 1287 1955 continetur.
1339 1885 1433 1955 Nam

386 2023 525 2092 prorsus
546 2001 589 2070 ad
615 2001 842 2090 quaestionem
866 2010 1075 2092 praesentem
1101 2024 1173 2070 non
1198 2001 1374 2094 pertinet3
1398 2010 1436 2070 et

386 2118 497 2209 magis
527 2118 635 2185 miror
665 2139 729 2184 cur
757 2138 837 2185 eam
867 2116 935 2185 iste
965 2138 1242 2185 commemorare
1273 2114 1435 2196 voluerit,

387 2255 493 2323 quam
527 2255 590 2301 cur
624 2232 659 2300 in
693 2232 838 2300 exordio
868 2230 1009 2301 concilii
1040 2231 1328 2300 commemoratio
1359 2231 1435 2322 ejus

386 2349 616 2439 praetermissa
645 2347 701 2416 sit.
754 2346 858 2429 Quod
888 2348 915 2417 si
947 2347 1134 2437 quisquam
1161 2346 1350 2416 arbitratur
1377 2368 1435 2414 me

387 2461 518 2551 aliquid
538 2461 689 2530 uoluisse
707 2461 742 2528 in
761 2462 917 2529 medium
935 2461 1100 2551 proferre,
1119 2462 1212 2550 quod
1231 2461 1267 2529 in
1286 2483 1328 2529 ea
1344 2459 1436 2551 posi·

387 2584 465 2644 tum
492 2585 546 2644 est
572 2576 735 2665 praesenti
761 2597 889 2644 caussae
912 2569 1157 2653 necessarium,
1177 2574 1271 2667 legat
1296 2597 1375 2644 earn
1398 2583 1436 2644 et

388 2692 475 2761 sciat
492 2713 613 2759 vemm
641 2711 716 2759 esse
743 2690 835 2780 quod
862 2690 962 2759 dieo:
990 2698 1053 2759 aut
1078 2692 1107 2758 si
1130 2688 1224 2758 aliud
1250 2689 1435 2771 invenerit,

389 2808 587 2898 redarguat.
640 2804 785 2875 Prorsus
803 2801 898 2875 enim
924 2804 984 2875 illa
1002 2805 1151 2898 epistola
1168 2806 1244 2874 ¹¹¹de
1261 2806 1436 2897 baptismo

390 2923 482 3012 apud
510 2921 693 2991 haereticos
719 2919 775 2989 vel
803 2920 1044 2990 schismaticos
1074 2920 1168 3001 dato,
1198 2919 1308 2989 'unde
1341 2942 1436 2989 nunc

388 3037 535 3127 agimus,
553 3036 642 3104 nihil
659 3034 775 3105 habet.
877 3057 883 3067 ·

441 3151 656 3221 Nicomedes
667 3174 688 3220 a
699 3150 877 3243 Segermis
887 3151 999 3220 dixit:
1017 3148 1103 3220 Meo
1115 3150 1281 3219 sententia
1292 3147 1365 3219 lroec
1377 3159 1510 3232 estse·
1528 3160 1563 3208 re

390 3277 427 3337 nt
455 3264 610 3336 heretici
638 3264 686 3334 cd
713 3264 903 3336 Ecclesiam
938 3265 1106 3335 venientes
1136 3264 1373 3358 baptismium
1398 3288 1436 3335 eo

391 3381 482 3475 qnod
497 3381 625 3452 trullam
632 3379 732 3475 soris
750 3380 845 3474 apud
859 3389 1054 3473 peccatores
1071 3381 1303 3452 ranissionem
1316 3404 1438 3474 pccca-

390 3506 500 3566 torum
518 3504 777 3590 corrseqaontur.

430 3693 438 3735 ¹
461 3694 577 3767 Aliquot
591 3690 681 3749 MSS.
697 3693 730 3747 de
743 3692 793 3748 Aac
807 3711 837 3747 re
850 3692 965 3747 lubeat:
987 3690 1093 3747 omisso
1107 3700 1214 3765 postea,
1230 3692 1339 3748 dicerit.
1380 3694 1437 3750 Alii

391 3790 479 3848 MSS.
493 3798 625 3846 neutrum
638 3789 754 3853 habent,
769 3807 822 3844 nec
838 3789 943 3852 tabeat,
959 3807 1012 3845 nec
1025 3789 1133 3844 dicerit.
1179 3786 1243 3860 (Sic
1257 3790 1335 3860 mei.)

432 3896 455 3926 ¹¹¹
469 3886 539 3941 Dnae
551 3893 665 3941 exstant
676 3883 810 3958 Cypriani
825 3883 861 3937 ad
873 3880 1050 3955 Stephanum
1061 3881 1198 3954 epistolae,
1210 3882 1299 3938 altera
1313 3883 1348 3939 de
1357 3883 1436 3939 Mar·

391 3982 472 4037 clano
487 3977 645 4034 Arelatensi
667 3979 800 4052 episcopo
823 3976 990 4041 amovendo,
1013 3995 1075 4050 quoe
1100 3995 1175 4032 nunc
1201 3986 1245 4033 est
1266 3978 1364 4033 ordine
1386 3978 1436 4034 68.

391 4080 480 4135 altera
494 4095 555 4151 quae
570 4075 705 4150 synodica
717 4084 761 4132 est
771 4083 897 4131 tractans
911 4076 1028 4131 omnino
1042 4075 1071 4130 id
1086 4075 1161 4132 unde
1176 4076 1271 4149 agitur
1285 4095 1438 4150 argumen.

392 4183 451 4230 tum
475 4174 510 4230 de
532 4172 709 4247 baptizandis
729 4172 870 4229 hoereticis
889 4181 917 4228 et
940 4172 1136 4229 schismaticis.
1179 4171 1304 4229 Priorem
1326 4182 1438 4229 tantum

391 4272 499 4328 viderat
514 4270 701 4345 Augustinus,
712 4288 768 4327 non
784 4269 980 4343 posteriorem.
1025 4269 1176 4341 (conferas
1190 4279 1287 4326 notam
1302 4270 1337 4327 ad
1352 4272 1437 4327 linem

391 4369 476 4443 hujus
490 4368 545 4424 vol.
560 4365 706 4442 positam.)

437 4500 443 4522 ¹
463 4495 543 4567 [For.
555 4495 667 4569 scripsit
676 4493 857 4570 Augustinus
871 4512 921 4569 quo
935 4494 976 4550 de.
1000 4494 1146 4551 Invenitur
1157 4513 1208 4568 quo
1219 4494 1251 4548 de
1261 4494 1353 4568 aqitrtr
1363 4493 1438 4567 apud

394 4592 548 4665 auctores]
