3817 5692
799 703 1106 776 ARCHELAUS.
1435 716 1476 776 25

428 888 552 967 pretam
572 881 677 959 luisse,
697 882 783 945 haud
803 889 911 946 tamen
931 882 1160 958 consentiente,
1181 889 1334 967 utsupra
1354 883 1479 947 ostendi

426 1007 458 1069 p.
474 1003 505 1066 7,
521 984 561 1049 cl.
577 983 738 1047 Morrisic.
786 983 849 1048 Hic
878 1005 975 1068 porro
1000 983 1119 1047 addere
1144 983 1236 1046 velim
1259 1006 1327 1068 ego,
1351 985 1477 1049 etiamsi

426 1084 542 1171 fingas,
558 1108 630 1170 quae
652 1086 749 1149 verba
771 1085 812 1149 ah
828 1085 989 1148 Archelao
1009 1092 1043 1148 et
1064 1084 1212 1148 Turbone
1236 1085 1362 1150 Maneti
1384 1086 1477 1150 attri-

426 1186 578 1264 buantur,
593 1187 648 1250 illa
668 1187 754 1251 haud
769 1207 895 1271 semper
908 1208 949 1250 ex
967 1208 1022 1250 ore
1037 1186 1106 1271 ejus
1127 1186 1254 1271 prolata
1268 1187 1383 1263 fuisse3
1405 1210 1479 1252 con·

427 1287 512 1350 fiteri
534 1295 643 1352 tamen
665 1289 769 1373 ipsum
790 1288 1002 1365 Lardnerum,
1022 1288 1075 1372 qui
1096 1310 1193 1373 supra
1213 1289 1395 1354 nominatus
1417 1300 1476 1367 est,

427 1388 510 1453 hanc
533 1390 685 1453 Archelai
709 1389 971 1474 Disputationem
992 1390 1041 1453 vel
1063 1390 1123 1453 sub
1144 1388 1240 1452 finem
1261 1390 1367 1453 saeculi
1389 1390 1478 1454 tertii

428 1492 477 1555 vel
492 1491 621 1558 ineunte
633 1499 750 1576 quarto
762 1512 830 1555 esse
845 1490 1067 1576 conscriptam.
1113 1490 1259 1554 Dixerim
1270 1511 1310 1554 ex
1322 1491 1479 1575 aliquibus

428 1593 581 1658 Archelai
599 1592 837 1657 commentariis
856 1592 970 1656 Graece
991 1592 1203 1677 compositum
1222 1591 1339 1656 librum
1358 1593 1478 1671 videri3

427 1693 504 1758 dum
518 1694 551 1757 in
566 1717 636 1779 cap.
649 1713 703 1778 39,
725 1693 824 1757 refert
846 1692 1028 1757 Archelaus
1047 1715 1081 1756 se
1097 1700 1230 1756 auctore
1245 1692 1402 1758 Marcello
1417 1694 1480 1757 dis-

427 1796 627 1877 putationem
642 1816 733 1859 susm
743 1794 815 1858 cum
826 1795 963 1858 Manere
978 1794 1139 1880 excepisse
1153 1802 1250 1878 atquc
1262 1794 1475 1878 descripsisse.

428 1896 545 1961 Confer
554 1905 589 1961 et
597 1917 723 1981 cap.41.
749 1897 892 1960 Caschar
903 1896 1052 1981 denique,
1064 1918 1135 1981 quae
1144 1895 1221 1959 urbs
1232 1897 1477 1980 Mesopotamiae

426 2006 574 2062 censetur
588 1999 620 2062 in
635 1997 750 2063 finibus
766 1997 950 2083 Babyloniae
973 1998 1048 2073 sita,
1063 1997 1216 2061 Archelai
1236 1998 1342 2061 sedem
1358 1998 1473 2076 luisse3

428 2120 490 2163 non
506 2100 644 2164 Gharras
655 2100 798 2182 ejusdem
813 2100 1060 2184 Mesopotamiae
1078 2100 1190 2164 urbem
1207 2100 1373 2177 celebrem,
1388 2124 1478 2186 repe-

427 2201 492 2264 rias
511 2201 691 2284 expositum
706 2223 769 2265 non
786 2208 914 2266 cantum
933 2203 1019 2287 apud
1035 2203 1248 2265 Assemanum
1268 2202 1428 2287 Zacagnio
1443 2211 1477 2267 et

429 2301 526 2365 Gavio
540 2303 581 2366 de
600 2302 660 2366 hac
674 2324 709 2366 re
729 2303 1009 2381 contradicentem,
1026 2304 1082 2367 sed
1101 2311 1135 2367 et
1153 2303 1239 2386 apud
1256 2302 1475 2367 Mamachium

430 2403 515 2487 θήρ.
530 2414 557 2466 et
567 2404 721 2488 Antiqua.
734 2404 1016 2482 osmundum.
1030 2405 1062 2468 ii.
1078 2405 1131 2467 lib.
1144 2405 1175 2467 ii.
1192 2426 1261 2488 cap.
1276 2425 1310 2482 4,
1329 2426 1361 2488 p.
1377 2423 1429 2487 95,
1445 2409 1479 2467 el

429 2502 598 2567 Paulinum
612 2527 633 2569 a
648 2504 680 2568 S.
694 2503 930 2569 Bartholomaeo
945 2505 1043 2569 India
1063 2503 1215 2569 caecati
1228 2525 1301 2588 pag.
1313 2502 1445 2586 4—10.]

838 2763 1061 2793 ,ὴ-

651 2970 974 3044 TESTIMONIA
1002 2970 1256 3044 VETERUM

562 3153 621 3211 DE
645 3153 733 3212 HAG
756 3154 982 3212 ARCHELAI
1005 3153 1345 3222 DISPUTATIONE,

717 3314 742 3367 A
761 3312 914 3368 ZACAGN
917 3313 958 3368 10
977 3313 1184 3369 COLLECPA.

473 3432 612 3497 Ssucrus
623 3433 758 3518 Oyrillus
768 3433 1080 3518 Hierosolymitanus
1091 3436 1123 3498 in
1133 3435 1302 3499 Catechesi
1313 3436 1352 3500 vi.
1364 3459 1396 3521 p.
1406 3455 1476 3521 145,

428 3556 469 3598 cx
488 3535 565 3599 edit.
583 3534 723 3600 Prevotii
742 3536 1005 3614 Graechatine,
1019 3536 1066 3621 (p.
1081 3557 1151 3617 104.
1167 3537 1215 3600 ed.
1232 3536 1385 3617 Touitei)
1403 3542 1480 3603 Φεύ-

428 3661 478 3717 γκι
492 3638 525 3699 ἐκ
540 3640 591 3714 τῆς
605 3640 740 3717 φυλακῆς
750 3636 890 3720 (Μάνης)
909 3639 958 3701 καὶ
973 3639 1094 3720 ἔρχεται
1109 3641 1150 3705 εἰς
1164 3638 1218 3716 τὴν
1233 3641 1479 3719 Μεσοποταμίαν

428 3735 498 3799 ἀλλ’
519 3738 636 3820 ἀπαντᾷ
657 3738 734 3822 αὐτῷ
753 3739 838 3822 ὅπλῳ
857 3741 1044 3817 δικαιοσύνης
1058 3737 1226 3821 Ἀρχέλαος
1246 3740 1414 3816 ἐπίσκοπος,
1431 3741 1479 3802 καὶ

428 3839 477 3902 ἐπὶ
491 3841 673 3921 φιλοσόφων
688 3846 793 3921 κριτῶν
807 3839 943 3922 ἐλέγξας,
962 3840 1157 3922 ἀκροατήριον
1173 3839 1355 3920 Ἑλληνικὸν
1370 3867 1479 3921 συστη-

428 3939 568 4019 σάμενος,
584 3941 687 4021 ἵναμὴ
706 3947 894 4022 Χριστιανῶν
915 3944 1076 4022 κρινόντων
1090 3947 1218 4006 δοκῶσιν
1235 3945 1264 4006 ol
1284 3945 1378 4023 κριταὶ
1392 3945 1477 4026 χαρί-

427 4047 539 4117 ζεσθαι,
557 4042 647 4123 Λέγε,
663 4044 758 4123 φησιν
769 4041 963 4126 ὁἈρχέλοος
973 4045 1028 4107 διο.
1059 4045 1185 4129 Ριριῗιο
1200 4066 1318 4109 carcerc
1328 4046 1474 4125 (Manes)

426 4152 454 4206 et
474 4145 509 4207 ιἰι
529 4145 780 4229 Mesopotamiam
801 4148 903 4216 οοιιὶιι
927 4166 1032 4209 οοιιιπι
1052 4144 1163 4209 obsidii
1185 4146 1331 4209 damis
1343 4147 1478 4228 justitiae

427 4244 599 4310 Archcleac
619 4248 780 4332 episcopus,
800 4257 829 4311 ct
849 4245 902 4312 eud
917 4246 1105 4332 philosophae
1123 4269 1189 4311 eum
1203 4246 1362 4332 judicibus
1379 4270 1477 4333 repra

426 4345 563 4424 heredem,
580 4348 697 4413 collecte
718 4348 884 4412 Gentilium
899 4349 1062 4423 auditorio,
1078 4370 1114 4412 ae
1132 4351 1160 4413 si
1176 4349 1346 4413 Chrestiani
1357 4351 1479 4433 yicdc'ecs

427 4458 530 4527 οιτον,
548 4450 722 4514 ademar
732 4449 863 4532 secisse,
878 4453 945 4534 Apo
960 4450 1081 4534 profer,
1100 4450 1147 4515 cit
1168 4450 1346 4523 Archelaus,
1364 4452 1420 4513 &c
1440 4458 1477 4513 ut

427 4550 511 4614 infra
525 4574 556 4636 p.
572 4569 640 4627 102,
659 4551 754 4634 hujus
770 4550 861 4628 tomi,
884 4552 961 4635 (line
981 4551 1231 4637 Disputaticnis)
1248 4551 1364 4636 quihus
1383 4552 1475 4615 abso-

428 4652 516 4730 lutis,
537 4653 649 4719 shalim
671 4654 788 4731 subdit,
811 4657 964 4721 Τοιούτοις
991 4656 1038 4718 καὶ
1063 4655 1169 4720 ἄλλοις
1194 4655 1334 4717 πλείοσιν
1356 4650 1475 4731 ἀνετρέ-

472 4777 540 4818 νοι..
556 4777 587 4818 v.
960 4776 981 4818 ιι
