3817 5692
437 704 501 765 204
653 701 904 765 ARCHELAI
937 701 1001 764 ΕΤ
1034 701 1255 764 MANETIS

434 907 502 967 ται,
520 872 764 970 βλαπτόμενοι
788 872 856 951 ὑπὸ
874 881 937 950 τοῦ
965 870 1095 977 φωτός·
1125 874 1192 975 οὐχ
1219 870 1274 949 ότι
1300 883 1488 976 τνφλωτιρ

435 999 496 1084 κός
514 1002 613 1078 ε’στιν
637 1001 657 1076 ὁ
682 1000 792 1099 ἥλως,
812 1000 895 1076 ἀλλ’
916 997 971 1077 ὅτι
995 999 1018 1094 ἦ
1044 996 1246 1081 ὑπόστασις
1272 1005 1345 1077 τῶν
1363 997 1486 1096 ὀμμά-

435 1159 507 1204 των
525 1128 567 1204 οὐ
583 1126 722 1219 βλέπει·
754 1128 845 1204 οὕτω
872 1129 930 1204 καὶ
953 1131 986 1203 oi
1012 1125 1160 1203 ἄπιστοι
1188 1133 1377 1209 νοσοῦντες·
1404 1132 1487 1209 ταῖς

434 1253 601 1353 καρδίαις,
620 1254 661 1330 οῦ
679 1250 845 1330 δυ’νανται
870 1253 993 1329 ἐνιδεῖν
1010 1259 1087 1333 ταῖς
1111 1255 1174 1349 τῆς
1199 1250 1365 1351 θεότητος
1383 1255 1487 1331 ἀισῖ-

434 1413 507 1458 σιν.
544 1382 603 1457 καὶ
621 1380 684 1457 οῦκ
703 1376 810 1457 εἶπεν·
840 1377 1032 1483 ε’τύφλωσε
1052 1377 1097 1456 τὰ
1117 1375 1287 1477 νοήματα,
1305 1384 1352 1460 εῖς
1369 1377 1487 1477 τὸμὴ

434 1507 587 1582 ἀκοῦσαι
604 1501 646 1581 τὸ
664 1503 882 1603 εὐαγγέλιον,
902 1505 986 1580 ἀλλ’
1007 1509 1055 1585 είς
1073 1501 1115 1580 τὸ
1133 1501 1183 1601 μὴ
1203 1507 1394 1603 διαυγόσαι
1416 1502 1486 1582 τὸν

434 1626 625 1736 φωτισμόν
642 1634 706 1727 τῆς
724 1628 831 1734 δόξης
848 1637 912 1707 τοῦ
931 1631 1142 1728 εὐαγγελίου
1160 1637 1224 1707 τοῦ
1242 1630 1362 1732 κυρίου
1379 1630 1485 1726 ἡμῶν

432 1758 555 1855 Ἰησοῦ
574 1761 752 1858 Χριστοῦ·
782 1754 824 1833 τὸ
842 1754 907 1852 μὲν
925 1754 997 1857 γὰρ
1011 1759 1164 1834 ἀκοῦσαι
1182 1764 1246 1834 τοῦ
1260 1757 1486 1856 εὐαγγελίου,

432 1890 546 1961 πᾶσιν
564 1883 711 1988 ἐφίεται·
742 1883 765 1978 ἦ
791 1879 880 1987 δόξα
904 1880 942 1959 δὲ
960 1891 1023 1961 τοῦ
1051 1883 1271 1983 εὐαγγελίου,
1291 1888 1363 1965 τοῖς
1391 1887 1486 1984 Χρι-

432 2016 525 2087 στοῦ
541 2008 703 2109 γνησίοις
721 2006 840 2103 μόνοις
863 2010 1080 2114 ἀφώρισται.
1120 2008 1244 2109 ἔλεγεν
1270 2008 1332 2086 οῦν
1357 2007 1482 2086 όΚιί·

431 2167 517 2235 ριος,
535 2141 608 2216 τοῖς
629 2132 694 2232 μὲν
712 2135 864 2211 ἀκοῦσαι
882 2133 932 2233 μὴ
951 2132 1164 2231 δυναμένοις,
1183 2137 1220 2212 ἐν
1237 2140 1481 2235 παραβολαῖς·

432 2266 505 2341 τοῖς
529 2257 567 2336 δὲ
593 2263 766 2357 μαθηταῖς
795 2260 921 2337 ἐπέλυε
948 2259 1024 2337 κατ’
1044 2259 1135 2337 ῖδίοιν
1159 2256 1223 2340 τὰς
1250 2257 1480 2360 παραβολαῖς.

432 2384 452 2462 ὁ
480 2383 667 2485 αὐγασμὸς
696 2383 766 2487 γὰρ
798 2389 862 2483 τῆς
891 2383 1000 2491 δόξης
1032 2392 1105 2469 τοῖς
1132 2385 1426 2487 πεφωτισμένοις,
1458 2386 1482 2483 ἡ

431 2511 620 2616 τύφλωσις
651 2519 725 2594 τοῖς
757 2512 932 2594 ἀπίστοις.
973 2530 1076 2589 Ταῦτα
1103 2528 1139 2588 τὰ
1164 2525 1319 2605 μυστήρια,
1340 2523 1360 2585 t
1381 2528 1434 2587 νῦν
1461 2526 1481 2603 ἡ

432 2637 576 2714 ἐκκλησία
597 2639 743 2716 διηγεῖταί
762 2662 812 2699 σοι
833 2640 873 2721 τῷ
897 2638 929 2699 ἑκ
957 2637 1185 2719 κατηχουμένων
1208 2637 1482 2722 μεταβαλλομένῳ,

431 2740 484 2801 οῦκ
510 2738 593 2802 ἔστιν
618 2738 684 2805 ἔθος
711 2741 835 2805 ἐθνικαῖς
861 2744 1039 2820 διηγεῖσθαι.
1078 2741 1112 2802 οῦ
1138 2743 1195 2820 γὰρ
1221 2742 1325 2825 ἐθνικῷ
1353 2743 1390 2803 τὰ
1410 2742 1481 2822 περὶ

432 2840 551 2921 Πατρός
573 2842 620 2903 καὶ
645 2843 719 2904 'lieri
741 2842 788 2904 καὶ
813 2842 899 2922 δγίου
924 2844 1099 2920 Πνεῦματος
1120 2844 1298 2923 διηγούμεθα
1322 2843 1479 2923 μυστήρια·

430 3066 538 3120 rantes
575 3066 775 3122 exoaeoantur
814 3058 931 3121 lumine
973 3058 1078 3141 risque
1103 3058 1288 3142 (discipulis)
1313 3059 1478 3124 tribuitur.

430 3143 582 3226 perculsi:
605 3165 668 3207 non
694 3144 779 3228 quod
806 3142 852 3205 sol
878 3164 931 3205 ex·
973 3143 1129 3206 Dominus
1155 3143 1263 3244 itaque
1287 3145 1480 3228 loquebatur

429 3228 567 3291 ooeeandi
583 3228 735 3293 facultate
754 3229 797 3292 sit
819 3228 931 3312 praedi·
973 3228 1006 3290 in
1030 3228 1189 3312 parabolis
1210 3230 1249 3293 ris
1273 3230 1399 3314 quidem
1422 3231 1478 3313 qui

429 3322 492 3388 tus,
509 3314 565 3377 sed
580 3315 664 3399 quod
680 3314 841 3377 oculorum
861 3322 928 3377 sta·
974 3335 1036 3376 non
1059 3322 1210 3397 poterant
1233 3316 1360 3379 audire:
1385 3315 1479 3379 disei-

428 3406 482 3461 tus
510 3421 531 3462 a
555 3399 689 3463 videndo
718 3398 926 3485 impediatur:
973 3398 1054 3482 pulis
1076 3421 1150 3462 vero
1169 3400 1317 3484 privatim
1339 3400 1476 3484 parabo-

428 3484 473 3546 sio
488 3491 522 3546 ot
537 3485 650 3568 quibus
672 3486 770 3549 oorda
783 3484 931 3548 laborant
973 3484 1020 3548 las
1042 3492 1076 3548 et
1097 3484 1318 3549 similitudines
1340 3486 1478 3569 expliea-

429 3568 660 3644 incredulitate,
699 3570 720 3633 ii
755 3569 931 3634 divinitatis
974 3570 1040 3633 bat.
1087 3570 1208 3634 Gloriae
1252 3571 1337 3634 enim
1373 3571 1479 3655 fulgor

428 3654 534 3717 radios
549 3656 692 3719 contueri
708 3677 771 3718 non
786 3661 930 3740 possunt.
972 3676 1081 3718 eorum
1098 3663 1156 3732 est,
1174 3656 1228 3740 qui
1242 3656 1311 3740 jam
1325 3656 1477 3720 illustrati

429 3738 496 3803 Neo
508 3740 607 3804 dixit:
628 3742 797 3805 exoaeoavit
811 3740 931 3824 eogita-
972 3750 1064 3804 sunt:
1094 3741 1264 3805 exeaeoatio
1290 3741 1473 3806 infidelium.

427 3825 531 3888 tiones
563 3848 603 3890 ne
631 3826 765 3891 audiant
795 3847 930 3908 evange·
973 3828 1045 3884 Haeo
1067 3829 1202 3902 mysteria
1223 3848 1298 3885 nunc
1320 3829 1372 3886 tibi
1394 3838 1474 3903 pste-

426 3909 522 3983 lium;
547 3912 602 3974 sed
621 3912 804 3997 lmsppmt
817 3913 851 3974 ηἰι
863 3911 929 3974 illis
971 3909 1039 3965 facit
1053 3909 1181 3965 Ecclesia
1199 3928 1235 3965 ex
1254 3911 1474 3979 catechumeno-

425 3994 612 4059 illmnimtio
646 3997 754 4081 9th
781 3996 931 4082 mayel&
972 4008 1034 4045 rum
1056 3999 1133 4046 sorte
1153 4002 1349 4065 transgresso:
1374 3989 1476 4046 Genti.

427 4081 555 4143 Domini
580 4083 676 4146 mm·
701 4084 776 4146 [Μ
802 4083 927 4147 ommi,
971 4069 1044 4125 libus
1072 4088 1214 4143 exponere
1243 4089 1305 4125 mos
1333 4089 1390 4126 non
1419 4078 1473 4126 est.

428 4164 512 4229 Nam
523 4167 719 4251 evangelium
731 4168 841 4232 audire
856 4168 924 4251 [ab]
971 4150 1039 4205 N⁰¹¹
1061 4151 1145 4242 enlm,
1157 4150 1266 4243 ,Gentffi
1287 4152 1417 4245 &dquam
1439 4149 1475 4207 de

427 4252 572 4314 omnibus
596 4253 757 4336 expetitur
783 4253 928 4337 (permit,
970 4231 1054 4287 Patre
1071 4243 1100 4287 et
1115 4231 1187 4286 Filio
1203 4239 1233 4287 et
1248 4230 1357 4304 Spiritu
1374 4240 1475 4286 sancto

426 4337 539 4420 titum:
575 4346 611 4401 at
642 4338 793 4423 evangelii
827 4338 929 4422 gloria
969 4330 1072 4366 arcana
1107 4312 1243 4385 mysteria
1279 4311 1473 4367 declaramus:

425 4422 501 4484 solis
516 4422 634 4487 Christi
657 4424 816 4507 germanis
831 4424 928 4487 sinee-
970 4409 1061 4465 neque
1083 4392 1176 4465 palam
1198 4392 1272 4465 ἣρω
1294 4392 1473 4448 catechum*

843 4634 849 4656 ¹
867 4647 882 4683 2
899 4630 966 4684 Cor.
980 4629 1017 4685 iv.
1035 4646 1064 4698 4.
