<?xml version="1.0" encoding="UTF-8"?>
<!DOCTYPE html PUBLIC "-//W3C//DTD XHTML 1.0 Transitional//EN"
    "http://www.w3.org/TR/xhtml1/DTD/xhtml1-transitional.dtd">
<html xmlns="http://www.w3.org/1999/xhtml" xml:lang="en" lang="en">
 <head>
  <title>
</title>
<meta http-equiv="Content-Type" content="text/html;charset=utf-8" />
  <meta name='ocr-system' content='tesseract 3.04.00' />
  <meta name='ocr-capabilities' content='ocr_page ocr_carea ocr_par ocr_line ocrx_word'/>
</head>
<body>
  <div class='ocr_page' id='page_1' title='image "./reliquiaesacrae02routgoog_0204.png"; bbox 0 0 3817 5692; ppageno 0'>
   <div class='ocr_carea' id='block_1_1' title="bbox 434 689 1251 758">
    <p class='ocr_par' dir='ltr' id='par_1_1' title="bbox 434 689 1251 758">
     <span class='ocr_line' id='line_1_1' title="bbox 434 689 1251 758; baseline 0.001 -7"><span class='ocrx_word' id='word_1_1' title='bbox 434 690 499 758; x_wconf 91' lang='grc'>190</span> <span class='ocrx_word' id='word_1_2' title='bbox 665 689 917 754; x_wconf 85' lang='lat' dir='ltr'><strong>ARCHELAI</strong></span> <span class='ocrx_word' id='word_1_3' title='bbox 942 690 1007 752; x_wconf 91' lang='lat' dir='ltr'>ET</span> <span class='ocrx_word' id='word_1_4' title='bbox 1032 689 1251 752; x_wconf 86' lang='lat' dir='ltr'><strong>MANETIS</strong></span> 
     </span>
    </p>
   </div>
   <div class='ocr_carea' id='block_1_2' title="bbox 430 857 1486 2789">
    <p class='ocr_par' dir='ltr' id='par_1_2' title="bbox 433 857 1486 1296">
     <span class='ocr_line' id='line_1_2' title="bbox 434 857 1485 952; baseline 0.006 -26"><span class='ocrx_word' id='word_1_5' title='bbox 434 857 533 927; x_wconf 91' lang='lat' dir='ltr'>Deus</span> <span class='ocrx_word' id='word_1_6' title='bbox 559 858 625 927; x_wconf 90' lang='lat' dir='ltr'>sub</span> <span class='ocrx_word' id='word_1_7' title='bbox 650 867 760 928; x_wconf 85' lang='lat' dir='ltr'>terras</span> <span class='ocrx_word' id='word_1_8' title='bbox 783 882 866 928; x_wconf 87' lang='lat' dir='ltr'>eum</span> <span class='ocrx_word' id='word_1_9' title='bbox 889 859 1028 930; x_wconf 88' lang='lat' dir='ltr'>detrudi</span> <span class='ocrx_word' id='word_1_10' title='bbox 1050 882 1114 951; x_wconf 90' lang='lat' dir='ltr'>per</span> <span class='ocrx_word' id='word_1_11' title='bbox 1134 860 1295 951; x_wconf 89' lang='lat' dir='ltr'>spiritum</span> <span class='ocrx_word' id='word_1_12' title='bbox 1308 862 1424 952; x_wconf 89' lang='lat' dir='ltr'>jubet,</span> <span class='ocrx_word' id='word_1_13' title='bbox 1443 872 1485 933; x_wconf 90' lang='lat' dir='ltr'>et</span> 
     </span>
     <span class='ocr_line' id='line_1_3' title="bbox 433 972 1486 1067; baseline 0.006 -27"><span class='ocrx_word' id='word_1_14' title='bbox 433 972 603 1041; x_wconf 90' lang='lat' dir='ltr'>continuo</span> <span class='ocrx_word' id='word_1_15' title='bbox 629 973 673 1042; x_wconf 88' lang='lat' dir='ltr'>de</span> <span class='ocrx_word' id='word_1_16' title='bbox 699 995 838 1042; x_wconf 90' lang='lat' dir='ltr'>summo</span> <span class='ocrx_word' id='word_1_17' title='bbox 864 974 1034 1065; x_wconf 86' lang='lat' dir='ltr'>dejectus,</span> <span class='ocrx_word' id='word_1_18' title='bbox 1052 975 1215 1044; x_wconf 87' lang='lat' dir='ltr'>exanime</span> <span class='ocrx_word' id='word_1_19' title='bbox 1232 998 1358 1067; x_wconf 90' lang='lat' dir='ltr'>corpus</span> <span class='ocrx_word' id='word_1_20' title='bbox 1381 977 1486 1048; x_wconf 89' lang='lat' dir='ltr'>deor-</span> 
     </span>
     <span class='ocr_line' id='line_1_4' title="bbox 433 1087 1485 1180; baseline 0.009 -26"><span class='ocrx_word' id='word_1_21' title='bbox 433 1108 511 1154; x_wconf 89' lang='lat' dir='ltr'>sum</span> <span class='ocrx_word' id='word_1_22' title='bbox 529 1087 789 1180; x_wconf 76' lang='lat' dir='ltr'>praecipitatum</span> <span class='ocrx_word' id='word_1_23' title='bbox 808 1099 871 1170; x_wconf 87' lang='lat' dir='ltr'>est,</span> <span class='ocrx_word' id='word_1_24' title='bbox 885 1090 981 1180; x_wconf 92' lang='lat' dir='ltr'>quod</span> <span class='ocrx_word' id='word_1_25' title='bbox 999 1112 1086 1159; x_wconf 91' lang='lat' dir='ltr'>anus</span> <span class='ocrx_word' id='word_1_26' title='bbox 1103 1089 1164 1159; x_wconf 92' lang='lat' dir='ltr'>illa</span> <span class='ocrx_word' id='word_1_27' title='bbox 1180 1092 1335 1176; x_wconf 86' lang='lat' dir='ltr'>miserta,</span> <span class='ocrx_word' id='word_1_28' title='bbox 1353 1092 1485 1163; x_wconf 88' lang='lat' dir='ltr'>collec-</span> 
     </span>
     <span class='ocr_line' id='line_1_5' title="bbox 433 1202 911 1296; baseline 0.006 -26"><span class='ocrx_word' id='word_1_29' title='bbox 433 1209 512 1271; x_wconf 93' lang='lat' dir='ltr'>tum</span> <span class='ocrx_word' id='word_1_30' title='bbox 529 1202 615 1273; x_wconf 90' lang='lat' dir='ltr'>locis</span> <span class='ocrx_word' id='word_1_31' title='bbox 632 1202 744 1273; x_wconf 90' lang='lat' dir='ltr'>solitis</span> <span class='ocrx_word' id='word_1_32' title='bbox 761 1204 911 1296; x_wconf 81' lang='lat' dir='ltr'><strong>sepeliit.</strong></span> 
     </span>
    </p>

    <p class='ocr_par' dir='ltr' id='par_1_3' title="bbox 430 1317 1485 2789">
     <span class='ocr_line' id='line_1_6' title="bbox 484 1317 1484 1412; baseline 0.005 -26"><span class='ocrx_word' id='word_1_33' title='bbox 484 1317 589 1388; x_wconf 91' lang='lat' dir='ltr'><strong>LIII.</strong></span> <span class='ocrx_word' id='word_1_34' title='bbox 615 1318 714 1389; x_wconf 87' lang='lat' dir='ltr'>Tunc</span> <span class='ocrx_word' id='word_1_35' title='bbox 745 1320 863 1388; x_wconf 90' lang='lat' dir='ltr'>omnia</span> <span class='ocrx_word' id='word_1_36' title='bbox 894 1317 966 1402; x_wconf 90' lang='lat' dir='ltr'>illa,</span> <span class='ocrx_word' id='word_1_37' title='bbox 993 1342 1075 1409; x_wconf 83' lang='lat' dir='ltr'>quae</span> <span class='ocrx_word' id='word_1_38' title='bbox 1105 1341 1224 1389; x_wconf 86' lang='lat' dir='ltr'>secum</span> <span class='ocrx_word' id='word_1_39' title='bbox 1256 1321 1301 1389; x_wconf 89' lang='lat' dir='ltr'>de</span> <span class='ocrx_word' id='word_1_40' title='bbox 1327 1318 1484 1412; x_wconf 83' lang='lat' dir='ltr'>AEgypto</span> 
     </span>
     <span class='ocr_line' id='line_1_7' title="bbox 432 1432 1484 1527; baseline 0.004 -26"><span class='ocrx_word' id='word_1_41' title='bbox 432 1432 639 1523; x_wconf 83' lang='lat' dir='ltr'>pertulerat,</span> <span class='ocrx_word' id='word_1_42' title='bbox 656 1440 863 1503; x_wconf 89' lang='lat' dir='ltr'>manserunt</span> <span class='ocrx_word' id='word_1_43' title='bbox 889 1432 981 1524; x_wconf 90' lang='lat' dir='ltr'>apud</span> <span class='ocrx_word' id='word_1_44' title='bbox 1006 1456 1097 1515; x_wconf 88' lang='lat' dir='ltr'>eam,</span> <span class='ocrx_word' id='word_1_45' title='bbox 1111 1442 1147 1503; x_wconf 92' lang='lat' dir='ltr'>et</span> <span class='ocrx_word' id='word_1_46' title='bbox 1167 1434 1288 1527; x_wconf 86' lang='lat' dir='ltr'>gavisa</span> <span class='ocrx_word' id='word_1_47' title='bbox 1304 1441 1359 1503; x_wconf 87' lang='lat' dir='ltr'>cst</span> <span class='ocrx_word' id='word_1_48' title='bbox 1378 1433 1484 1505; x_wconf 88' lang='lat' dir='ltr'>valde</span> 
     </span>
     <span class='ocr_line' id='line_1_8' title="bbox 432 1548 1485 1640; baseline 0.004 -25"><span class='ocrx_word' id='word_1_49' title='bbox 432 1548 478 1617; x_wconf 92' lang='lat' dir='ltr'>de</span> <span class='ocrx_word' id='word_1_50' title='bbox 494 1557 609 1618; x_wconf 91' lang='lat' dir='ltr'>morte</span> <span class='ocrx_word' id='word_1_51' title='bbox 626 1549 702 1640; x_wconf 84' lang='lat' dir='ltr'>ejus</span> <span class='ocrx_word' id='word_1_52' title='bbox 720 1548 851 1640; x_wconf 87' lang='lat' dir='ltr'>duplici</span> <span class='ocrx_word' id='word_1_53' title='bbox 869 1570 983 1629; x_wconf 89' lang='lat' dir='ltr'>causa,</span> <span class='ocrx_word' id='word_1_54' title='bbox 997 1548 1110 1639; x_wconf 92' lang='lat' dir='ltr'>primo</span> <span class='ocrx_word' id='word_1_55' title='bbox 1128 1549 1222 1639; x_wconf 93' lang='lat' dir='ltr'>quod</span> <span class='ocrx_word' id='word_1_56' title='bbox 1239 1571 1310 1618; x_wconf 91' lang='lat' dir='ltr'>non</span> <span class='ocrx_word' id='word_1_57' title='bbox 1328 1549 1485 1619; x_wconf 80' lang='lat' dir='ltr'>libenter</span> 
     </span>
     <span class='ocr_line' id='line_1_9' title="bbox 432 1661 1484 1754; baseline 0.003 -24"><span class='ocrx_word' id='word_1_58' title='bbox 432 1662 606 1752; x_wconf 78' lang='lat' dir='ltr'>aspiceret</span> <span class='ocrx_word' id='word_1_59' title='bbox 623 1672 716 1732; x_wconf 87' lang='lat' dir='ltr'>artes</span> <span class='ocrx_word' id='word_1_60' title='bbox 733 1662 837 1743; x_wconf 88' lang='lat' dir='ltr'>illins,</span> <span class='ocrx_word' id='word_1_61' title='bbox 855 1661 1009 1732; x_wconf 88' lang='lat' dir='ltr'>secundo</span> <span class='ocrx_word' id='word_1_62' title='bbox 1035 1684 1096 1753; x_wconf 93' lang='lat' dir='ltr'>pro</span> <span class='ocrx_word' id='word_1_63' title='bbox 1122 1661 1187 1743; x_wconf 89' lang='lat' dir='ltr'>his,</span> <span class='ocrx_word' id='word_1_64' title='bbox 1205 1684 1287 1754; x_wconf 87' lang='lat' dir='ltr'>quae</span> <span class='ocrx_word' id='word_1_65' title='bbox 1311 1664 1355 1733; x_wconf 92' lang='lat' dir='ltr'>de</span> <span class='ocrx_word' id='word_1_66' title='bbox 1372 1662 1484 1733; x_wconf 87' lang='lat' dir='ltr'>haere-</span> 
     </span>
     <span class='ocr_line' id='line_1_10' title="bbox 432 1776 1482 1869; baseline 0.003 -23"><span class='ocrx_word' id='word_1_67' title='bbox 432 1776 545 1847; x_wconf 90' lang='lat' dir='ltr'>ditate</span> <span class='ocrx_word' id='word_1_68' title='bbox 570 1778 686 1847; x_wconf 87' lang='lat' dir='ltr'>fuerat</span> <span class='ocrx_word' id='word_1_69' title='bbox 716 1789 925 1859; x_wconf 87' lang='lat' dir='ltr'>consecuta;</span> <span class='ocrx_word' id='word_1_70' title='bbox 951 1786 1029 1846; x_wconf 91' lang='lat' dir='ltr'>erat</span> <span class='ocrx_word' id='word_1_71' title='bbox 1056 1777 1151 1845; x_wconf 90' lang='lat' dir='ltr'>enim</span> <span class='ocrx_word' id='word_1_72' title='bbox 1181 1778 1336 1847; x_wconf 91' lang='lat' dir='ltr'>multum</span> <span class='ocrx_word' id='word_1_73' title='bbox 1363 1780 1482 1869; x_wconf 89' lang='lat' dir='ltr'>pretii.</span> 
     </span>
     <span class='ocr_line' id='line_1_11' title="bbox 433 1891 1481 1983; baseline 0.001 -22"><span class='ocrx_word' id='word_1_74' title='bbox 433 1892 521 1975; x_wconf 86' lang='lat' dir='ltr'>Quae</span> <span class='ocrx_word' id='word_1_75' title='bbox 538 1916 620 1963; x_wconf 88' lang='lat' dir='ltr'>cum</span> <span class='ocrx_word' id='word_1_76' title='bbox 638 1893 713 1963; x_wconf 89' lang='lat' dir='ltr'>sola</span> <span class='ocrx_word' id='word_1_77' title='bbox 729 1904 831 1976; x_wconf 88' lang='lat' dir='ltr'>esset,</span> <span class='ocrx_word' id='word_1_78' title='bbox 849 1892 980 1962; x_wconf 89' lang='lat' dir='ltr'>habere</span> <span class='ocrx_word' id='word_1_79' title='bbox 997 1891 1153 1983; x_wconf 80' lang='lat' dir='ltr'>aliquem</span> <span class='ocrx_word' id='word_1_80' title='bbox 1176 1894 1221 1962; x_wconf 92' lang='lat' dir='ltr'>ad</span> <span class='ocrx_word' id='word_1_81' title='bbox 1243 1894 1481 1963; x_wconf 90' lang='lat' dir='ltr'>ministerium</span> 
     </span>
     <span class='ocr_line' id='line_1_12' title="bbox 432 2003 1484 2099; baseline 0.004 -24"><span class='ocrx_word' id='word_1_82' title='bbox 432 2008 557 2091; x_wconf 87' lang='lat' dir='ltr'>voluit,</span> <span class='ocrx_word' id='word_1_83' title='bbox 581 2018 618 2077; x_wconf 90' lang='lat' dir='ltr'>et</span> <span class='ocrx_word' id='word_1_84' title='bbox 643 2010 860 2099; x_wconf 86' lang='lat' dir='ltr'>comparavit</span> <span class='ocrx_word' id='word_1_85' title='bbox 885 2008 951 2077; x_wconf 89' lang='lat' dir='ltr'>sibi</span> <span class='ocrx_word' id='word_1_86' title='bbox 975 2003 1146 2099; x_wconf 86' lang='lat' dir='ltr'>dpuerum</span> <span class='ocrx_word' id='word_1_87' title='bbox 1172 2030 1344 2077; x_wconf 91' lang='lat' dir='ltr'>annorum</span> <span class='ocrx_word' id='word_1_88' title='bbox 1369 2009 1484 2079; x_wconf 88' lang='lat' dir='ltr'>ferme</span> 
     </span>
     <span class='ocr_line' id='line_1_13' title="bbox 431 2120 1484 2214; baseline -0.001 -21"><span class='ocrx_word' id='word_1_89' title='bbox 431 2131 579 2214; x_wconf 79' lang='lat' dir='ltr'>septem,</span> <span class='ocrx_word' id='word_1_90' title='bbox 597 2120 822 2192; x_wconf 75' lang='lat' dir='ltr'>‘’Corbicium</span> <span class='ocrx_word' id='word_1_91' title='bbox 848 2123 1003 2205; x_wconf 89' lang='lat' dir='ltr'>nomine,</span> <span class='ocrx_word' id='word_1_92' title='bbox 1027 2144 1133 2213; x_wconf 84' lang='lat' dir='ltr'>quem</span> <span class='ocrx_word' id='word_1_93' title='bbox 1161 2123 1282 2192; x_wconf 89' lang='lat' dir='ltr'>statim</span> <span class='ocrx_word' id='word_1_94' title='bbox 1308 2125 1484 2193; x_wconf 89' lang='lat' dir='ltr'>manumi-</span> 
     </span>
     <span class='ocr_line' id='line_1_14' title="bbox 431 2235 1484 2328; baseline 0.002 -23"><span class='ocrx_word' id='word_1_95' title='bbox 431 2238 487 2316; x_wconf 91' lang='lat' dir='ltr'>sit,</span> <span class='ocrx_word' id='word_1_96' title='bbox 501 2258 543 2306; x_wconf 91' lang='lat' dir='ltr'>ac</span> <span class='ocrx_word' id='word_1_97' title='bbox 560 2235 672 2306; x_wconf 88' lang='lat' dir='ltr'>literis</span> <span class='ocrx_word' id='word_1_98' title='bbox 690 2237 853 2306; x_wconf 83' lang='lat' dir='ltr'>erudivit.</span> <span class='ocrx_word' id='word_1_99' title='bbox 905 2236 1048 2328; x_wconf 86' lang='lat' dir='ltr'>Quique</span> <span class='ocrx_word' id='word_1_100' title='bbox 1066 2258 1148 2306; x_wconf 91' lang='lat' dir='ltr'>cum</span> <span class='ocrx_word' id='word_1_101' title='bbox 1165 2236 1353 2307; x_wconf 85' lang='lat' dir='ltr'>duodecim</span> <span class='ocrx_word' id='word_1_102' title='bbox 1371 2261 1484 2308; x_wconf 88' lang='lat' dir='ltr'>anno-</span> 
     </span>
     <span class='ocr_line' id='line_1_15' title="bbox 431 2347 1484 2444; baseline 0.002 -23"><span class='ocrx_word' id='word_1_103' title='bbox 431 2374 510 2421; x_wconf 89' lang='lat' dir='ltr'>rum</span> <span class='ocrx_word' id='word_1_104' title='bbox 528 2359 621 2421; x_wconf 85' lang='lat' dir='ltr'>esset</span> <span class='ocrx_word' id='word_1_105' title='bbox 638 2350 796 2434; x_wconf 87' lang='lat' dir='ltr'>effectus,</span> <span class='ocrx_word' id='word_1_106' title='bbox 814 2347 918 2421; x_wconf 71' lang='lat' dir='ltr'>‘anus</span> <span class='ocrx_word' id='word_1_107' title='bbox 939 2350 1001 2420; x_wconf 92' lang='lat' dir='ltr'>illa</span> <span class='ocrx_word' id='word_1_108' title='bbox 1018 2352 1112 2421; x_wconf 91' lang='lat' dir='ltr'>diem</span> <span class='ocrx_word' id='word_1_109' title='bbox 1130 2351 1230 2436; x_wconf 88' lang='lat' dir='ltr'>obiit,</span> <span class='ocrx_word' id='word_1_110' title='bbox 1249 2352 1385 2444; x_wconf 90' lang='lat' dir='ltr'>ipsique</span> <span class='ocrx_word' id='word_1_111' title='bbox 1402 2354 1484 2423; x_wconf 89' lang='lat' dir='ltr'>uni·</span> 
     </span>
     <span class='ocr_line' id='line_1_16' title="bbox 431 2466 1482 2558; baseline 0.003 -24"><span class='ocrx_word' id='word_1_112' title='bbox 431 2488 532 2535; x_wconf 86' lang='lat' dir='ltr'>versa</span> <span class='ocrx_word' id='word_1_113' title='bbox 560 2466 654 2535; x_wconf 93' lang='lat' dir='ltr'>bona</span> <span class='ocrx_word' id='word_1_114' title='bbox 683 2488 746 2535; x_wconf 89' lang='lat' dir='ltr'>sua</span> <span class='ocrx_word' id='word_1_115' title='bbox 775 2466 932 2550; x_wconf 87' lang='lat' dir='ltr'>tradidit,</span> <span class='ocrx_word' id='word_1_116' title='bbox 961 2476 998 2535; x_wconf 90' lang='lat' dir='ltr'>et</span> <span class='ocrx_word' id='word_1_117' title='bbox 1028 2487 1110 2536; x_wconf 92' lang='lat' dir='ltr'>cum</span> <span class='ocrx_word' id='word_1_118' title='bbox 1142 2468 1277 2536; x_wconf 85' lang='lat' dir='ltr'>coeteris</span> <span class='ocrx_word' id='word_1_119' title='bbox 1304 2466 1482 2558; x_wconf 70' lang='lat' dir='ltr'>treliquis,</span> 
     </span>
     <span class='ocr_line' id='line_1_17' title="bbox 430 2579 1483 2675; baseline 0.001 -25"><span class='ocrx_word' id='word_1_120' title='bbox 430 2583 540 2651; x_wconf 87' lang='lat' dir='ltr'>etiam</span> <span class='ocrx_word' id='word_1_121' title='bbox 567 2589 719 2671; x_wconf 91' lang='lat' dir='ltr'>quatuor</span> <span class='ocrx_word' id='word_1_122' title='bbox 744 2581 824 2651; x_wconf 92' lang='lat' dir='ltr'>illos</span> <span class='ocrx_word' id='word_1_123' title='bbox 852 2580 1001 2664; x_wconf 88' lang='lat' dir='ltr'>libellos,</span> <span class='ocrx_word' id='word_1_124' title='bbox 1020 2602 1107 2673; x_wconf 91' lang='lat' dir='ltr'>quos</span> <span class='ocrx_word' id='word_1_125' title='bbox 1133 2579 1346 2673; x_wconf 83' lang='lat' dir='ltr'>Scythianus</span> <span class='ocrx_word' id='word_1_126' title='bbox 1373 2584 1483 2675; x_wconf 89' lang='lat' dir='ltr'>scrip-</span> 
     </span>
     <span class='ocr_line' id='line_1_18' title="bbox 430 2676 1482 2789; baseline -0.001 -22"><span class='ocrx_word' id='word_1_127' title='bbox 430 2705 534 2777; x_wconf 83' lang='lat' dir='ltr'>serat,</span> <span class='ocrx_word' id='word_1_128' title='bbox 552 2719 624 2765; x_wconf 90' lang='lat' dir='ltr'>non</span> <span class='ocrx_word' id='word_1_129' title='bbox 647 2676 842 2765; x_wconf 86' lang='lat' dir='ltr'>multorum</span> <span class='ocrx_word' id='word_1_130' title='bbox 860 2719 1023 2766; x_wconf 88' lang='lat' dir='ltr'>versuum</span> <span class='ocrx_word' id='word_1_131' title='bbox 1051 2695 1218 2788; x_wconf 88' lang='lat' dir='ltr'>singulos.</span> <span class='ocrx_word' id='word_1_132' title='bbox 1268 2696 1369 2766; x_wconf 88' lang='lat' dir='ltr'>Tunc</span> <span class='ocrx_word' id='word_1_133' title='bbox 1395 2719 1482 2789; x_wconf 85' lang='lat' dir='ltr'>ergo</span> 
     </span>
    </p>
   </div>
   <div class='ocr_carea' id='block_1_3' title="bbox 429 2810 1483 3591">
    <p class='ocr_par' dir='ltr' id='par_1_4' title="bbox 429 2810 1483 3591">
     <span class='ocr_line' id='line_1_19' title="bbox 430 2810 1483 2903; baseline -0.001 -21"><span class='ocrx_word' id='word_1_134' title='bbox 430 2812 622 2891; x_wconf 75' lang='lat' dir='ltr'>corbicius,</span> <span class='ocrx_word' id='word_1_135' title='bbox 641 2811 779 2903; x_wconf 86' lang='lat' dir='ltr'>sepulta</span> <span class='ocrx_word' id='word_1_136' title='bbox 795 2812 950 2893; x_wconf 89' lang='lat' dir='ltr'>domina,</span> <span class='ocrx_word' id='word_1_137' title='bbox 968 2812 1069 2880; x_wconf 89' lang='lat' dir='ltr'>bonis</span> <span class='ocrx_word' id='word_1_138' title='bbox 1089 2811 1155 2881; x_wconf 93' lang='lat' dir='ltr'>sibi</span> <span class='ocrx_word' id='word_1_139' title='bbox 1174 2810 1351 2881; x_wconf 87' lang='lat' dir='ltr'>derelictis</span> <span class='ocrx_word' id='word_1_140' title='bbox 1368 2813 1483 2881; x_wconf 90' lang='lat' dir='ltr'>omni-</span> 
     </span>
     <span class='ocr_line' id='line_1_20' title="bbox 429 2925 1481 3019; baseline -0.002 -22"><span class='ocrx_word' id='word_1_141' title='bbox 429 2927 497 2997; x_wconf 91' lang='lat' dir='ltr'>bus</span> <span class='ocrx_word' id='word_1_142' title='bbox 515 2928 570 2995; x_wconf 94' lang='lat' dir='ltr'>uti</span> <span class='ocrx_word' id='word_1_143' title='bbox 584 2928 701 3019; x_wconf 69' lang='lat' dir='ltr'>coepit,</span> <span class='ocrx_word' id='word_1_144' title='bbox 713 2937 751 2996; x_wconf 88' lang='lat' dir='ltr'>et</span> <span class='ocrx_word' id='word_1_145' title='bbox 769 2926 933 3019; x_wconf 81' lang='lat' dir='ltr'>migravit</span> <span class='ocrx_word' id='word_1_146' title='bbox 950 2926 995 2995; x_wconf 94' lang='lat' dir='ltr'>ad</span> <span class='ocrx_word' id='word_1_147' title='bbox 1009 2925 1166 2994; x_wconf 89' lang='lat' dir='ltr'>medium</span> <span class='ocrx_word' id='word_1_148' title='bbox 1179 2925 1334 2995; x_wconf 88' lang='lat' dir='ltr'>civitatis</span> <span class='ocrx_word' id='word_1_149' title='bbox 1350 2925 1481 3004; x_wconf 91' lang='lat' dir='ltr'>locum,</span> 
     </span>
     <span class='ocr_line' id='line_1_21' title="bbox 430 3039 1481 3133; baseline 0.002 -23"><span class='ocrx_word' id='word_1_150' title='bbox 430 3044 467 3111; x_wconf 92' lang='lat' dir='ltr'>in</span> <span class='ocrx_word' id='word_1_151' title='bbox 495 3065 565 3133; x_wconf 94' lang='lat' dir='ltr'>quo</span> <span class='ocrx_word' id='word_1_152' title='bbox 592 3042 759 3111; x_wconf 88' lang='lat' dir='ltr'>manebat</span> <span class='ocrx_word' id='word_1_153' title='bbox 789 3064 851 3111; x_wconf 85' lang='lat' dir='ltr'>rex</span> <span class='ocrx_word' id='word_1_154' title='bbox 881 3039 1081 3123; x_wconf 88' lang='lat' dir='ltr'>Persarum,</span> <span class='ocrx_word' id='word_1_155' title='bbox 1105 3050 1143 3110; x_wconf 93' lang='lat' dir='ltr'>et</span> <span class='ocrx_word' id='word_1_156' title='bbox 1168 3050 1387 3110; x_wconf 90' lang='lat' dir='ltr'>commutato</span> <span class='ocrx_word' id='word_1_157' title='bbox 1412 3042 1481 3112; x_wconf 89' lang='lat' dir='ltr'>sibi</span> 
     </span>
     <span class='ocr_line' id='line_1_22' title="bbox 429 3155 1480 3248; baseline 0.001 -23"><span class='ocrx_word' id='word_1_158' title='bbox 429 3158 583 3238; x_wconf 89' lang='lat' dir='ltr'>nomine,</span> <span class='ocrx_word' id='word_1_159' title='bbox 597 3155 747 3226; x_wconf 91' lang='lat' dir='ltr'>Manem</span> <span class='ocrx_word' id='word_1_160' title='bbox 765 3156 993 3247; x_wconf 88' lang='lat' dir='ltr'>semetipsum</span> <span class='ocrx_word' id='word_1_161' title='bbox 1012 3179 1075 3247; x_wconf 89' lang='lat' dir='ltr'>pro</span> <span class='ocrx_word' id='word_1_162' title='bbox 1089 3155 1253 3226; x_wconf 85' lang='lat' dir='ltr'>Corbicio</span> <span class='ocrx_word' id='word_1_163' title='bbox 1271 3156 1480 3248; x_wconf 84' lang='lat' dir='ltr'>appellavit3</span> 
     </span>
     <span class='ocr_line' id='line_1_23' title="bbox 429 3269 1480 3364; baseline 0.001 -25"><span class='ocrx_word' id='word_1_164' title='bbox 429 3293 496 3340; x_wconf 91' lang='lat' dir='ltr'>nec</span> <span class='ocrx_word' id='word_1_165' title='bbox 516 3269 673 3351; x_wconf 91' lang='lat' dir='ltr'>Manem,</span> <span class='ocrx_word' id='word_1_166' title='bbox 692 3270 753 3339; x_wconf 89' lang='lat' dir='ltr'>sed</span> <span class='ocrx_word' id='word_1_167' title='bbox 771 3270 918 3351; x_wconf 91' lang='lat' dir='ltr'>Manes;</span> <span class='ocrx_word' id='word_1_168' title='bbox 945 3270 1134 3340; x_wconf 87' lang='lat' dir='ltr'>Persarum</span> <span class='ocrx_word' id='word_1_169' title='bbox 1157 3270 1253 3339; x_wconf 92' lang='lat' dir='ltr'>enim</span> <span class='ocrx_word' id='word_1_170' title='bbox 1277 3270 1399 3364; x_wconf 83' lang='lat' dir='ltr'>lingua</span> <span class='ocrx_word' id='word_1_171' title='bbox 1415 3270 1480 3340; x_wconf 88' lang='lat' dir='ltr'>tali</span> 
     </span>
     <span class='ocr_line' id='line_1_24' title="bbox 429 3383 1480 3478; baseline 0 -24"><span class='ocrx_word' id='word_1_172' title='bbox 429 3387 543 3454; x_wconf 92' lang='lat' dir='ltr'>utitur</span> <span class='ocrx_word' id='word_1_173' title='bbox 559 3384 805 3454; x_wconf 88' lang='lat' dir='ltr'>declinatione.</span> <span class='ocrx_word' id='word_1_174' title='bbox 859 3383 1017 3454; x_wconf 87' lang='lat' dir='ltr'>Effectus</span> <span class='ocrx_word' id='word_1_175' title='bbox 1038 3385 1146 3478; x_wconf 86' lang='lat' dir='ltr'>igitur</span> <span class='ocrx_word' id='word_1_176' title='bbox 1169 3407 1259 3476; x_wconf 89' lang='lat' dir='ltr'>puer</span> <span class='ocrx_word' id='word_1_177' title='bbox 1284 3385 1345 3454; x_wconf 92' lang='lat' dir='ltr'>ille</span> <span class='ocrx_word' id='word_1_178' title='bbox 1370 3408 1480 3454; x_wconf 92' lang='lat' dir='ltr'>anno-</span> 
     </span>
     <span class='ocr_line' id='line_1_25' title="bbox 429 3492 1479 3591; baseline 0.001 -25"><span class='ocrx_word' id='word_1_179' title='bbox 429 3520 508 3566; x_wconf 90' lang='lat' dir='ltr'>rum</span> <span class='ocrx_word' id='word_1_180' title='bbox 538 3520 647 3591; x_wconf 89' lang='lat' dir='ltr'>prope</span> <span class='ocrx_word' id='word_1_181' title='bbox 676 3492 893 3591; x_wconf 60' lang='lat' dir='ltr'>”sexaginta</span> <span class='ocrx_word' id='word_1_182' title='bbox 924 3499 1084 3568; x_wconf 88' lang='lat' dir='ltr'>emditus</span> <span class='ocrx_word' id='word_1_183' title='bbox 1118 3499 1314 3569; x_wconf 90' lang='lat' dir='ltr'>secundnm</span> <span class='ocrx_word' id='word_1_184' title='bbox 1350 3500 1479 3568; x_wconf 91' lang='lat' dir='ltr'>doctri·</span> 
     </span>
    </p>
   </div>
   <div class='ocr_carea' id='block_1_4' title="bbox 426 3654 1478 4683">
    <p class='ocr_par' dir='ltr' id='par_1_5' title="bbox 428 3654 1478 3904">
     <span class='ocr_line' id='line_1_26' title="bbox 429 3654 1478 3732; baseline 0.005 -24"><span class='ocrx_word' id='word_1_185' title='bbox 429 3661 502 3728; x_wconf 85' lang='lat' dir='ltr'>post,</span> <span class='ocrx_word' id='word_1_186' title='bbox 517 3654 550 3709; x_wconf 82' lang='lat' dir='ltr'>de</span> <span class='ocrx_word' id='word_1_187' title='bbox 563 3654 686 3728; x_wconf 74' lang='lat' dir='ltr'>AEpyptc</span> <span class='ocrx_word' id='word_1_188' title='bbox 696 3654 878 3727; x_wconf 72' lang='lat' dir='ltr'>protulerant.</span> <span class='ocrx_word' id='word_1_189' title='bbox 914 3655 952 3711; x_wconf 82' lang='lat' dir='ltr'>Et</span> <span class='ocrx_word' id='word_1_190' title='bbox 974 3674 1051 3721; x_wconf 85' lang='lat' dir='ltr'>mox,</span> <span class='ocrx_word' id='word_1_191' title='bbox 1067 3656 1170 3729; x_wconf 73' lang='lat' dir='ltr'>duplici</span> <span class='ocrx_word' id='word_1_192' title='bbox 1190 3676 1224 3711; x_wconf 72' lang='lat' dir='ltr'>et</span> <span class='ocrx_word' id='word_1_193' title='bbox 1244 3675 1478 3732; x_wconf 70' lang='lat' dir='ltr'>cassa—qua</span> 
     </span>
     <span class='ocr_line' id='line_1_27' title="bbox 428 3749 1478 3827; baseline 0.003 -21"><span class='ocrx_word' id='word_1_194' title='bbox 428 3749 685 3823; x_wconf 69' lang='lat' dir='ltr'>hereditatesaernt</span> <span class='ocrx_word' id='word_1_195' title='bbox 699 3760 856 3807; x_wconf 78' lang='lat' dir='ltr'>consecuta:</span> <span class='ocrx_word' id='word_1_196' title='bbox 879 3760 939 3808; x_wconf 82' lang='lat' dir='ltr'>erut</span> <span class='ocrx_word' id='word_1_197' title='bbox 953 3754 1023 3809; x_wconf 77' lang='lat' dir='ltr'>enim</span> <span class='ocrx_word' id='word_1_198' title='bbox 1037 3753 1148 3809; x_wconf 72' lang='lat' dir='ltr'>mallum</span> <span class='ocrx_word' id='word_1_199' title='bbox 1157 3755 1278 3827; x_wconf 69' lang='lat' dir='ltr'>pecumoe</span> <span class='ocrx_word' id='word_1_200' title='bbox 1291 3755 1380 3809; x_wconf 71' lang='lat' dir='ltr'>avida</span> <span class='ocrx_word' id='word_1_201' title='bbox 1412 3752 1478 3816; x_wconf 79' lang='lat' dir='ltr'>Quae</span> 
     </span>
     <span class='ocr_line' id='line_1_28' title="bbox 428 3855 557 3904; baseline 0.008 -1"><span class='ocrx_word' id='word_1_202' title='bbox 428 3866 489 3903; x_wconf 80' lang='lat' dir='ltr'>cum</span> <span class='ocrx_word' id='word_1_203' title='bbox 503 3855 557 3904; x_wconf 87' lang='lat' dir='ltr'>cet.</span> 
     </span>
    </p>

    <p class='ocr_par' dir='ltr' id='par_1_6' title="bbox 426 3939 1477 4112">
     <span class='ocr_line' id='line_1_29' title="bbox 468 3939 1477 4021; baseline 0.002 -22"><span class='ocrx_word' id='word_1_204' title='bbox 468 3939 579 3999; x_wconf 73' lang='lat' dir='ltr'>‘lldcm</span> <span class='ocrx_word' id='word_1_205' title='bbox 603 3944 704 4010; x_wconf 88' lang='lat' dir='ltr'>codex,</span> <span class='ocrx_word' id='word_1_206' title='bbox 725 3944 877 4018; x_wconf 72' lang='lat' dir='ltr'>puerulum.</span> <span class='ocrx_word' id='word_1_207' title='bbox 920 3944 1004 4011; x_wconf 88' lang='lat' dir='ltr'>Mox,</span> <span class='ocrx_word' id='word_1_208' title='bbox 1030 3965 1158 4021; x_wconf 74' lang='lat' dir='ltr'>quemque</span> <span class='ocrx_word' id='word_1_209' title='bbox 1181 3947 1284 4003; x_wconf 80' lang='lat' dir='ltr'>statim.</span> <span class='ocrx_word' id='word_1_210' title='bbox 1327 3947 1367 4003; x_wconf 86' lang='lat' dir='ltr'>Et</span> <span class='ocrx_word' id='word_1_211' title='bbox 1392 3946 1477 4019; x_wconf 92' lang='lat' dir='ltr'>paulo</span> 
     </span>
     <span class='ocr_line' id='line_1_30' title="bbox 426 4038 654 4112; baseline 0.009 -18"><span class='ocrx_word' id='word_1_212' title='bbox 426 4048 502 4112; x_wconf 90' lang='lat' dir='ltr'>post,</span> <span class='ocrx_word' id='word_1_213' title='bbox 520 4038 573 4102; x_wconf 77' lang='lat' dir='ltr'>Qut</span> <span class='ocrx_word' id='word_1_214' title='bbox 587 4058 654 4096; x_wconf 79' lang='lat' dir='ltr'>cum.</span> 
     </span>
    </p>

    <p class='ocr_par' dir='ltr' id='par_1_7' title="bbox 426 4135 1475 4307">
     <span class='ocr_line' id='line_1_31' title="bbox 468 4135 1475 4212; baseline -0.001 -20"><span class='ocrx_word' id='word_1_215' title='bbox 468 4135 654 4201; x_wconf 63' lang='lat' dir='ltr'>‘Celticum</span> <span class='ocrx_word' id='word_1_216' title='bbox 678 4136 823 4208; x_wconf 78' lang='grc' dir='ltr'>Κούβρικον</span> <span class='ocrx_word' id='word_1_217' title='bbox 844 4138 929 4203; x_wconf 92' lang='lat' dir='ltr'>hunc,</span> <span class='ocrx_word' id='word_1_218' title='bbox 951 4156 1009 4194; x_wconf 89' lang='lat' dir='ltr'>nou</span> <span class='ocrx_word' id='word_1_219' title='bbox 1033 4137 1197 4203; x_wconf 73' lang='lat' dir='ltr'>Cordicieat,</span> <span class='ocrx_word' id='word_1_220' title='bbox 1217 4148 1320 4194; x_wconf 84' lang='lat' dir='ltr'>vocant</span> <span class='ocrx_word' id='word_1_221' title='bbox 1342 4136 1475 4212; x_wconf 87' lang='lat' dir='ltr'>Cyrillus,</span> 
     </span>
     <span class='ocr_line' id='line_1_32' title="bbox 426 4231 726 4307; baseline 0 -21"><span class='ocrx_word' id='word_1_222' title='bbox 426 4231 613 4307; x_wconf 85' lang='lat' dir='ltr'>Epiphanius,</span> <span class='ocrx_word' id='word_1_223' title='bbox 628 4241 657 4288; x_wconf 89' lang='lat' dir='ltr'>et</span> <span class='ocrx_word' id='word_1_224' title='bbox 671 4232 726 4288; x_wconf 85' lang='lat' dir='ltr'>alii.</span> 
     </span>
    </p>

    <p class='ocr_par' dir='ltr' id='par_1_8' title="bbox 426 4326 1476 4499">
     <span class='ocr_line' id='line_1_33' title="bbox 466 4326 1476 4405; baseline 0 -22"><span class='ocrx_word' id='word_1_225' title='bbox 466 4326 478 4368; x_wconf 62' lang='grc' dir='ltr'>ί</span> <span class='ocrx_word' id='word_1_226' title='bbox 491 4327 570 4384; x_wconf 89' lang='lat' dir='ltr'>Idem</span> <span class='ocrx_word' id='word_1_227' title='bbox 585 4327 648 4383; x_wconf 91' lang='lat' dir='ltr'>cod.</span> <span class='ocrx_word' id='word_1_228' title='bbox 663 4346 731 4383; x_wconf 78' lang='lat' dir='ltr'>caua</span> <span class='ocrx_word' id='word_1_229' title='bbox 748 4330 792 4383; x_wconf 82' lang='lat' dir='ltr'>die</span> <span class='ocrx_word' id='word_1_230' title='bbox 810 4329 868 4392; x_wconf 80' lang='lat' dir='ltr'>illa,</span> <span class='ocrx_word' id='word_1_231' title='bbox 884 4348 935 4403; x_wconf 83' lang='lat' dir='ltr'>qua</span> <span class='ocrx_word' id='word_1_232' title='bbox 954 4330 1031 4393; x_wconf 71' lang='lat' dir='ltr'>otiis,</span> <span class='ocrx_word' id='word_1_233' title='bbox 1047 4331 1160 4405; x_wconf 61' lang='lat' dir='ltr'>maique,</span> <span class='ocrx_word' id='word_1_234' title='bbox 1175 4339 1230 4386; x_wconf 90' lang='lat' dir='ltr'>cet.</span> <span class='ocrx_word' id='word_1_235' title='bbox 1274 4329 1355 4394; x_wconf 83' lang='lat' dir='ltr'>Mox,</span> <span class='ocrx_word' id='word_1_236' title='bbox 1370 4330 1476 4384; x_wconf 66' lang='lat' dir='ltr'>ceteris</span> 
     </span>
     <span class='ocr_line' id='line_1_34' title="bbox 426 4423 1414 4499; baseline 0 -20"><span class='ocrx_word' id='word_1_237' title='bbox 426 4423 558 4498; x_wconf 79' lang='lat' dir='ltr'>reliqniis.</span> <span class='ocrx_word' id='word_1_238' title='bbox 602 4423 755 4496; x_wconf 90' lang='lat' dir='ltr'>Paucisque</span> <span class='ocrx_word' id='word_1_239' title='bbox 771 4423 936 4498; x_wconf 85' lang='lat' dir='ltr'>interjectis,</span> <span class='ocrx_word' id='word_1_240' title='bbox 952 4426 980 4480; x_wconf 80' lang='lat' dir='ltr'>ia</span> <span class='ocrx_word' id='word_1_241' title='bbox 994 4444 1046 4499; x_wconf 83' lang='lat' dir='ltr'>pua</span> <span class='ocrx_word' id='word_1_242' title='bbox 1061 4427 1182 4483; x_wconf 77' lang='lat' dir='ltr'>manebat</span> <span class='ocrx_word' id='word_1_243' title='bbox 1197 4446 1245 4482; x_wconf 72' lang='lat' dir='ltr'>rex</span> <span class='ocrx_word' id='word_1_244' title='bbox 1259 4428 1414 4482; x_wconf 73' lang='lat' dir='ltr'>Persarum.</span> 
     </span>
    </p>

    <p class='ocr_par' dir='ltr' id='par_1_9' title="bbox 466 4517 725 4592">
     <span class='ocr_line' id='line_1_35' title="bbox 466 4517 725 4592; baseline 0.004 -22"><span class='ocrx_word' id='word_1_245' title='bbox 466 4517 591 4581; x_wconf 62' lang='lat' dir='ltr'>&amp;Forte</span> <span class='ocrx_word' id='word_1_246' title='bbox 608 4517 725 4592; x_wconf 72' lang='lat' dir='ltr'>reliquit.</span> 
     </span>
    </p>

    <p class='ocr_par' dir='ltr' id='par_1_10' title="bbox 466 4609 1474 4683">
     <span class='ocr_line' id='line_1_36' title="bbox 466 4609 1474 4683; baseline 0.005 -17"><span class='ocrx_word' id='word_1_247' title='bbox 466 4609 479 4646; x_wconf 56' lang='grc' dir='ltr'><strong>θ</strong></span> <span class='ocrx_word' id='word_1_248' title='bbox 495 4612 540 4668; x_wconf 86' lang='lat' dir='ltr'>lta</span> <span class='ocrx_word' id='word_1_249' title='bbox 554 4621 718 4670; x_wconf 80' lang='lat' dir='ltr'>constanter</span> <span class='ocrx_word' id='word_1_250' title='bbox 732 4614 759 4669; x_wconf 89' lang='lat' dir='ltr'>in</span> <span class='ocrx_word' id='word_1_251' title='bbox 769 4615 916 4671; x_wconf 85' lang='lat' dir='ltr'>Casiuensi</span> <span class='ocrx_word' id='word_1_252' title='bbox 932 4616 1028 4672; x_wconf 87' lang='lat' dir='ltr'>codice</span> <span class='ocrx_word' id='word_1_253' title='bbox 1043 4618 1191 4683; x_wconf 83' lang='lat' dir='ltr'>scribitur;</span> <span class='ocrx_word' id='word_1_254' title='bbox 1214 4636 1313 4674; x_wconf 87' lang='lat' dir='ltr'>vereor</span> <span class='ocrx_word' id='word_1_255' title='bbox 1328 4626 1423 4674; x_wconf 87' lang='lat' dir='ltr'>tamen</span> <span class='ocrx_word' id='word_1_256' title='bbox 1439 4634 1474 4671; x_wconf 88' lang='lat' dir='ltr'>ne</span> 
     </span>
    </p>
   </div>
   <div class='ocr_carea' id='block_1_5' title="bbox 0 0 1914 5692">
    <p class='ocr_par' dir='ltr' id='par_1_11' title="bbox 0 0 1914 5692">
     <span class='ocr_line' id='line_1_37' title="bbox 0 0 1914 5692; baseline 0 4"><span class='ocrx_word' id='word_1_257' title='bbox 0 0 1914 5692; x_wconf 95' lang='lat' dir='ltr'> </span> 
     </span>
    </p>
   </div>
  </div>
 </body>
</html>
