3817 5692
496 704 539 764 44
717 699 971 764 ARCHELAI
1001 700 1066 762 ET
1097 698 1320 762 MANETIS

550 870 670 977 φωτὸς
697 869 902 973 διατηρήσει
930 904 974 949 σε
1003 869 1163 950 ἀπὸτοῦ
1190 872 1382 952 ἐνεστῶτος
1414 872 1541 948 αἰῶνος

549 1005 717 1099 πονηροῦ,
737 1001 794 1076 καὶ
822 1002 895 1075 τῶν
912 994 1192 1094 συμπτωμάτων
1214 995 1332 1090 αυτοῦ,
1352 996 1410 1074 καὶ
1433 993 1542 1091 παγί-

551 1127 623 1202 δων
640 1132 704 1202 τοῦ
720 1130 888 1225 πονηροῦ,
908 1120 1013 1220 ἀμήν.

551 1288 630 1387 Τὴν
650 1288 715 1387 μὲν
737 1293 818 1390 περὶ
843 1288 888 1368 σέ
915 1288 1062 1390 ἀγάπην
1085 1290 1262 1389 μεγίστην
1280 1286 1395 1365 οὖσαν
1413 1290 1542 1383 αἰσθη-

495 1416 578 1509 deis,
597 1416 680 1493 λίαν
697 1412 840 1517 ἐχάρην·
873 1412 935 1513 τὴν
954 1414 992 1493 δὲ
1009 1416 1136 1495 πίστιν
1155 1415 1218 1492 οὐκ
1237 1413 1352 1491 οὖσαν
1370 1408 1461 1490 κατὰ
1479 1410 1542 1491 τὸν

494 1537 603 1640 ὀρθὸν
621 1539 734 1641 λόγον
757 1541 953 1644 ἠχθέσθην·
983 1540 1064 1620 ὅθεν
1088 1537 1179 1642 πρὸς
1207 1536 1454 1640 ἐπανόρθωσιν
1478 1544 1542 1615 τοῦ

494 1671 566 1744 τῶν
584 1666 783 1769 ἀνθρώπων
801 1666 925 1769 γε’νους
943 1669 1174 1762 ἀποσταλεὶς,
1189 1662 1396 1771 φειδόμενόο
1413 1697 1451 1742 τε
1470 1669 1542 1741 τῶν

494 1789 614 1896 ἀπάτη
645 1797 703 1872 καὶ
734 1791 857 1898 πλάνῃ
889 1792 1032 1877 ἑαυτοὺς
1070 1788 1322 1888 ἐκδεδωκότων,
1355 1797 1468 1868 ταῦτα
1496 1788 1542 1867 τὰ

495 1919 690 2019 γράμματα
714 1917 805 2020 πρὸς
823 1917 868 1997 σέ
889 1922 1084 2021 ἀναγκαῖον
1101 1917 1296 2020 ἡγησάμην
1314 1920 1539 1996 ἀποστεῖλαι·

493 2050 637 2145 πρῶτον
668 2044 733 2144 μὲν
769 2044 860 2148 πρὸς
896 2047 1080 2149 σωτηρίαν
1118 2050 1181 2142 τῆς
1218 2052 1373 2124 σεαυτοῦ
1407 2046 1540 2149 ψυχῆς,

494 2168 614 2247 ἔπειτα
632 2169 670 2249 δὲ
688 2174 746 2249 καὶ
764 2177 836 2250 τῶν
855 2168 930 2268 ἅμα
947 2204 1010 2249 σοι
1027 2169 1289 2274 τυγχανόντων,
1303 2166 1414 2272 ’πρὸς
1432 2170 1473 2248 τὸ
1492 2167 1542 2268 μὴ

495 2293 696 2396 ἀδιάκριτόν
714 2331 759 2375 σε
782 2296 875 2400 ἔχειν
892 2296 956 2374 τὸν
975 2295 1167 2398 λογισμὸν,
1187 2299 1235 2379 ὡς
1253 2301 1286 2374 οἱ
1308 2301 1381 2375 τῶν
1399 2296 1537 2374 ἁπλου-

495 2421 633 2521 στέρων
657 2422 895 2525 καθηγέμονες
918 2420 1131 2501 διδάσκουσι
1150 2422 1327 2524 λέγοντες,
1344 2419 1387 2501 τὸ
1405 2419 1542 2522 ἀγαθὸν

531 2629 680 2711 present
698 2629 794 2693 nennio
812 2629 901 2706 ναοῖο,
917 2638 946 2693 et
961 2641 997 2692 ‘e
1037 2630 1163 2694 roribus
1208 2630 1422 2707 tradiderunt,
1471 2631 1539 2695 haee

538 2713 632 2776 ruine
646 2714 718 2798 ηἰιι,
730 2724 758 2779 et
769 2737 790 2779 α
802 2713 917 2800 θιηνοίι
930 2737 997 2777 nso·
1039 2716 1180 2799 uscripto
1203 2715 1245 2778 nd
1271 2722 1305 2779 te
1328 2714 1541 2779 necessarium

539 2798 626 2881 lipni.
1038 2801 1114 2864 duxi
1152 2800 1373 2864 transmittere
1385 2824 1394 2875 3
1437 2799 1539 2885 primo

538 2882 749 2949 Dilectionem
764 2885 891 2970 quidem
906 2892 997 2949 tuam
1039 2886 1165 2970 quidem
1191 2884 1233 2950 ed
1261 2886 1398 2949 salutem
1426 2885 1540 2949 nnimae

495 2968 680 3033 immensam
718 2971 868 3047 sentiens,
905 2971 997 3034 vehe-
1038 2978 1112 3047 tum,
1140 2970 1253 3033 deinde
1283 2977 1317 3034 et
1347 2992 1456 3033 eorum
1486 2970 1540 3053 qui

495 3061 620 3117 menter
647 3054 774 3138 gavisus
807 3076 888 3132 sum,
917 3055 997 3118 fides
1038 3065 1143 3119 teeum
1170 3063 1263 3130 sunt;
1284 3055 1354 3118 ¹uti
1379 3077 1419 3119 ne
1445 3054 1541 3118 indis-

494 3158 579 3213 vero,
596 3139 671 3222 quin
686 3161 749 3202 non
772 3139 814 3203 sit
835 3140 947 3224 ⁵juxte
962 3148 996 3204 te
1038 3147 1143 3205 oretos
1168 3141 1292 3204 animos
1324 3162 1427 3224 geras,
1459 3140 1541 3204 sieut

495 3229 584 3286 recte
605 3224 741 3301 ratione,
758 3226 892 3289 moleste
915 3225 995 3302 tuli;
1037 3226 1263 3309 simpliciorum
1292 3225 1458 3310 magistri
1484 3225 1540 3288 do·

493 3311 726 3393 propterquod
745 3311 787 3374 ed
801 3310 996 3374 emendatio·
1037 3321 1110 3375 oent
1122 3311 1272 3387 dieentes,
1288 3310 1415 3387 melum,
1431 3317 1466 3374 et
1486 3310 1541 3374 bo

495 3414 568 3456 nem
582 3393 705 3477 generis
722 3394 852 3459 humani
867 3395 996 3459 ‘missus
1037 3418 1111 3460 num
1126 3396 1168 3459 eb
1183 3395 1296 3459 eodem
1311 3395 1497 3472 subsistere,
1510 3407 1542 3459 et

494 3498 575 3554 sum,
599 3486 634 3543 et
653 3480 840 3544 subveniens
861 3480 919 3557 his,
941 3479 995 3564 qui
1036 3502 1135 3544 unum
1145 3481 1272 3544 initium
1287 3480 1540 3556 introducentes,

494 3584 527 3626 se
550 3564 797 3641 seduotionibus,
819 3575 916 3650 etque
944 3586 994 3629 er·
1037 3587 1138 3650 neque
1152 3566 1322 3651 quiequam
1337 3572 1539 3650 perserutan-

534 3759 547 3791 ¹
569 3750 669 3808 Codex
688 3753 846 3817 Bobiensis‚
868 3772 885 3808 ο
903 3754 992 3809 ruinis
1010 3756 1077 3827 ejus,
1094 3763 1120 3809 et
1141 3755 1174 3810 de
1197 3754 1309 3828 laqueis.
1353 3752 1401 3809 Sic
1420 3763 1450 3810 et
1471 3752 1539 3827 Epi-

494 3845 624 3919 phenius.

535 3951 547 3982 ⁸
562 3940 643 3999 Idem
658 3944 757 4009 codex,
765 3948 852 4024 jueta
866 3954 967 4003 rectam
981 3947 1120 4003 rationem.
1162 3944 1211 4002 Sic
1224 3953 1253 4001 et
1267 3942 1452 4019 Epiphanius.

535 4042 545 4078 ῑ
566 4036 646 4095 Idem
669 4040 768 4106 codex,
791 4043 889 4099 misene
906 4060 965 4098 snm
985 4041 1150 4098 subveniens.
1194 4040 1377 4115 Epiphanius,
1401 4042 1542 4095 miseeret

493 4132 658 4192 subveniens.

534 4238 551 4270 ¹¹
565 4230 647 4288 Idem
658 4234 759 4297 codex,
775 4233 830 4289 hec
843 4235 948 4308 scripta
963 4234 1142 4291 necessarium
1157 4235 1229 4291 duni.

534 4334 549 4367 ¹
573 4326 652 4385 Hinc
667 4338 746 4403 petet
761 4340 836 4386 recte
851 4331 879 4386 in
899 4349 994 4405 graeco
1009 4331 1160 4406 Epiphanii
1174 4340 1256 4388 textu
1270 4331 1437 4388 emendasse
1454 4328 1538 4385 Pete·

492 4424 579 4494 vium,
594 4429 658 4498 πρδι
673 4430 704 4482 τὸ
717 4428 753 4497 μη
765 4428 911 4500 ἀδιάκριτον
924 4427 1089 4503 numptius,
1104 4430 1149 4499 μὴ,
1165 4429 1271 4486 deerat.

533 4532 546 4570 7
566 4523 666 4581 Codex
688 4524 859 4589 Cnsinensis,
881 4526 1008 4599 mnpistri
1030 4526 1157 4585 dieentes.
1200 4524 1258 4583 Sed
1280 4525 1363 4582 nliam
1388 4525 1539 4582 lectionem

494 4619 626 4693 exprimit
641 4620 727 4678 etiem
746 4620 929 4697 Epiphanius.
