3817 5692
643 732 886 796 RESPONSA
909 732 977 795 AD
1000 731 1264 796 EPISCOPOS.
1409 731 1474 794 255

427 905 532 973 nioue
556 904 796 994 permanserit,
816 903 975 985 dicendo,
993 901 1173 973 Neminem
1187 901 1397 995 judicantes,
1414 911 1475 973 out

427 1043 448 1089 o
455 1019 540 1111 jure
556 1019 806 1089 communionis
818 1017 967 1112 aliquem
983 1020 1017 1088 si
1034 1018 1204 1088 diversum
1221 1019 1365 1088 senserit
1382 1040 1475 1088 omo·

426 1142 547 1204 amics.
598 1133 671 1225 Ipsi
705 1135 801 1203 enim
829 1144 930 1205 erant
960 1127 1027 1226 qui
1051 1134 1225 1205 diversum
1261 1135 1474 1215 sentiebant.

426 1271 514 1339 quos
541 1248 609 1318 iste
635 1248 918 1339 praevaricatores
935 1258 1050 1329 vocat,
1068 1250 1150 1339 quis
1175 1249 1310 1318 scilicet
1334 1249 1476 1319 haereti-

427 1365 477 1433 cis
506 1361 795 1453 suffragabantur,
820 1364 895 1432 sine
924 1363 1100 1454 baptismo
1125 1384 1186 1431 eos
1215 1363 1251 1430 in
1279 1361 1474 1433 Ecclesiam

427 1478 637 1568 recipiendo.
693 1476 782 1545 Eam
813 1499 953 1566 quoque
981 1477 1088 1546 fuisse
1113 1478 1404 1547 consuetudinem
1433 1487 1475 1546 ut

427 1592 478 1662 sic
507 1592 758 1680 reciperentur,
783 1600 821 1659 et
847 1592 923 1681 ipse
947 1589 1144 1681 Cyprianus
1171 1589 1293 1659 multis
1320 1591 1414 1673 locis,
1437 1600 1475 1661 et

427 1705 563 1795 aliquot
579 1706 733 1795 episcopi
757 1706 794 1773 in
819 1704 886 1773 hoc
910 1703 1060 1774 concilio
1077 1705 1314 1775 manifestant.
1367 1705 1475 1776 Unde

428 1830 584 1911 apparet,
608 1822 636 1890 si
664 1821 818 1890 baeretici
846 1843 917 1889 non
944 1821 1077 1890 habent
1106 1820 1330 1911 baptismum,
1349 1821 1475 1890 Eccle-

428 1935 514 2004 siam
533 1934 664 2005 Christi
689 1946 889 2027 temporum
912 1935 1053 2005 illorum
1080 1935 1400 2027 prevaricatoribus
1420 1935 1475 2003 fu-

427 2049 495 2119 isse
512 2048 662 2140 plenam,
681 2052 739 2141 qui
758 2052 809 2120 eis
831 2050 1062 2144 suffragantes
1089 2053 1138 2120 sic
1161 2073 1221 2120 eos
1246 2049 1473 2141 recipiebant.

427 2159 568 2255 Agatur
584 2187 668 2257 ergo
686 2188 808 2235 caussa
824 2167 1023 2236 communis
1040 2167 1206 2236 adversus
1229 2166 1362 2235 crimen
1389 2186 1475 2255 prae·

428 2278 649 2347 varicatioois
666 2280 759 2369 quod
788 2302 916 2372 negare
942 2302 1012 2349 non
1038 2286 1193 2370 possunt,
1211 2287 1249 2347 et
1275 2279 1324 2347 ibi
1349 2286 1475 2370 agetur

428 2400 547 2459 nostra
574 2393 739 2461 adversus
761 2394 893 2462 crimen
920 2391 1119 2462 traditionis
1145 2392 1238 2483 quod
1266 2392 1475 2461 convincere

429 2526 498 2573 noo
517 2514 739 2595 ‘potuerunt
792 2506 862 2576 Sed
882 2508 931 2575 sic
948 2530 1102 2599 agamus,
1121 2508 1216 2597 quasi
1236 2507 1475 2576 convicerint:

430 2621 523 2710 quod
546 2622 687 2710 utrique
702 2622 996 2711 responderimus
1017 2623 1068 2691 eis
1094 2623 1154 2712 qui
1180 2620 1281 2689 nobis
1303 2620 1475 2711 objiciunt

428 2736 601 2826 majorum
629 2747 826 2805 nostrorum
856 2738 1189 2827 praevaricationem,
1213 2735 1280 2804 hoc
1308 2757 1371 2803 nos
1398 2737 1474 2805 istis

428 2849 716 2940 respondebimus
739 2851 799 2938 qui
826 2849 928 2919 nobis
944 2851 1116 2941 objiciunt
1141 2851 1316 2941 majorum
1341 2858 1476 2919 nostro·

429 2986 506 3032 rum
525 2962 762 3032 traditionem.
814 2963 1027 3034 sicutenim
1052 2985 1114 3055 per
1140 2962 1312 3053 majorum
1339 2971 1476 3031 nostro·

428 3102 506 3147 rum
525 3079 761 3157 traditionem,
781 3080 874 3148 unde
897 3103 936 3150 se
960 3081 1018 3149 isti
1040 3079 1245 3158 diviserunt,
1263 3099 1326 3146 nos
1344 3077 1474 3146 mortui

429 3214 571 3264 sumus:
605 3195 657 3262 ita
685 3216 748 3285 per
780 3199 952 3285 majorum
988 3193 1318 3286 prevaricationem,
1347 3193 1407 3281 qui
1438 3200 1475 3260 et

429 3306 538 3374 nostri
567 3314 604 3373 et
632 3305 786 3397 ipsorum
817 3317 981 3397 parentes
1007 3306 1161 3385 fuerunt,
1187 3315 1225 3374 et
1252 3326 1316 3373 nos
1343 3314 1381 3373 et
1410 3305 1475 3394 ipsi

428 3421 559 3489 mortui
587 3442 717 3489 sumus.
771 3420 844 3490 Sed
869 3423 952 3512 quia
975 3444 1013 3491 se
1031 3423 1149 3490 vivere
1175 3421 1308 3501 dicunt,
1326 3417 1476 3489 credunt

429 3534 523 3623 quod
551 3534 596 3603 ad
623 3555 684 3602 eos
715 3556 784 3602 non
812 3535 989 3625 pertineat
1017 3532 1077 3603 illa
1108 3534 1363 3624 prevaricatio:
1392 3553 1475 3623 ergo

429 3669 494 3716 nec
512 3647 556 3717 ad
579 3671 643 3716 nos
660 3647 721 3717 illa
737 3649 893 3717 traditio.
947 3648 994 3716 Et
1020 3647 1081 3716 illa
1106 3647 1249 3737 quidem
1277 3644 1478 3736 praevarica-

429 3762 480 3829 tio
503 3764 696 3830 secundum
720 3764 813 3853 ipsos
830 3772 927 3831 certa
944 3773 1018 3832 est:
1045 3762 1239 3832 secundum
1266 3782 1330 3828 nos
1355 3768 1476 3829 autem

430 3895 496 3941 nec
513 3873 667 3940 anterior
683 3874 921 3963 praevaricatio
936 3897 1018 3943 vera
1035 3888 1110 3957 est;
1136 3877 1220 3966 quia
1236 3887 1274 3944 et
1291 3874 1477 3943 haereticos

431 3986 580 4055 dicimus
600 4007 701 4074 posse
718 3984 848 4055 habere
867 3986 1079 4078 baptismum
1100 3989 1253 4071 Christi3
1278 4012 1343 4058 nec
1361 3997 1480 4079 poste-

431 4100 501 4167 rior
528 4098 679 4179 traditio,
707 4100 789 4189 quia
817 4101 853 4167 in
881 4122 924 4169 ea
948 4123 1072 4172 caussa
1101 4113 1184 4173 sunt
1215 4104 1280 4195 ipsi
1311 4103 1477 4193 superati.

433 4212 518 4282 Non
550 4213 682 4283 habent
708 4237 792 4306 ergo
824 4216 881 4283 isti
910 4238 973 4284 cur
1005 4240 1026 4285 a
1055 4217 1156 4286 nobis
1184 4219 1320 4287 nefario
1347 4216 1478 4286 scelere

432 4327 629 4399 schismatis
650 4339 875 4420 separentur:
902 4332 985 4420 quia
1011 4332 1120 4400 nostri
1143 4336 1292 4423 majores
1317 4332 1345 4401 si
1372 4331 1477 4400 tradi·

433 4449 527 4510 tores
545 4465 615 4510 non
632 4443 786 4522 fuerunt,
800 4443 892 4513 sicut
910 4467 973 4513 nos
991 4445 1149 4525 dicimus,
1163 4468 1231 4513 non
1251 4454 1305 4515 est
1323 4443 1417 4536 quod
1433 4444 1478 4513 ed

690 4588 703 4618 θ
718 4577 899 4636 corbeiensis
912 4581 1013 4649 codex,
1028 4591 1225 4656 conpererant.
