3817 5692
442 707 508 767 308
637 703 701 766 DE
727 702 1110 767 REBAPTISMATE
1136 701 1293 764 LIBER.

442 879 527 948 dum
544 876 658 948 Judaei
678 879 723 947 de
741 877 882 948 Christo
900 879 1069 958 sentiunt,
1088 877 1182 969 quod
1201 887 1320 946 tamen
1338 877 1383 945 de
1400 874 1494 946 Jesn

442 992 582 1064 Christo
607 993 762 1064 Domino
789 1003 908 1065 nostro
932 1017 1002 1063 non
1026 995 1188 1078 credunt,
1208 1001 1267 1063 'ut
1289 993 1397 1063 etiam
1425 993 1492 1083 ipsi

441 1110 694 1190 existimarent,
713 1121 754 1179 ut
772 1109 852 1180 talis
876 1119 913 1179 et
931 1119 1052 1180 tantus
1077 1108 1175 1179 nulla
1195 1110 1293 1179 obita
1316 1117 1433 1178 morte
1454 1109 1492 1177 iu

439 1233 614 1293 aeternum
649 1232 877 1316 'perseveret
908 1234 946 1293 et
979 1247 1127 1318 regnum
1163 1223 1270 1294 Israel
1306 1233 1344 1293 et
1378 1223 1494 1292 totius

440 1339 532 1410 orbis
559 1341 594 1409 in
624 1350 847 1432 perpetuum,
874 1340 968 1430 quod
998 1364 1067 1410 non
1092 1342 1353 1432 ³eorriperetur,
1379 1341 1493 1431 possi-

439 1456 549 1525 deret.
604 1454 710 1525 Unde
727 1455 836 1525 etiam
853 1453 968 1525 Jndaei
995 1457 1070 1525 ausi
1094 1456 1236 1525 fuerunt
1261 1478 1345 1525 enm
1365 1477 1492 1547 rapere

439 1579 477 1638 et
499 1570 536 1638 in
558 1592 705 1663 regnum
727 1592 896 1663 unguere,
914 1571 1007 1659 quod
1026 1569 1168 1661 quidem
1195 1590 1336 1638 necesse
1361 1567 1493 1637 habuit

439 1684 500 1756 ille
517 1685 784 1778 ⁴superfugere;
805 1708 846 1755 ac
863 1696 1051 1777 propterea
1067 1685 1229 1777 discipuli
1246 1685 1323 1776 ejus
1339 1683 1492 1755 arbitra-

438 1799 578 1881 bantur,
602 1801 697 1892 quod
723 1799 820 1871 nulla
845 1801 914 1870 alia
940 1803 1077 1871 ratione
1102 1802 1209 1870 vitam
1237 1809 1406 1870 aternam
1434 1800 1491 1870 his

438 1925 664 2007 praestaturus
680 1925 784 1995 esset,
803 1917 868 1985 nisi
893 1917 1044 2007 primum
1067 1916 1142 2005 ipse
1161 1915 1270 1984 vitam
1287 1914 1377 1983 hanc
1395 1923 1491 1983 tem·

438 2033 594 2124 poralem
614 2054 695 2101 cum
712 2030 774 2101 illa
790 2042 926 2102 aeterna
942 2033 979 2100 in
996 2055 1033 2101 se
1046 2032 1122 2122 ipso
1135 2031 1384 2100 continuasset.
1413 2028 1491 2100 De-

438 2150 546 2239 nique
562 2169 644 2216 cum
663 2156 953 2217 conversarentur
969 2148 1005 2216 in
1023 2145 1180 2228 Galilaea,
1194 2145 1286 2215 dixit
1302 2147 1353 2214 eis
1368 2144 1488 2228 desua,

437 2262 570 2357 Incipit
582 2260 685 2355 filius
709 2260 860 2333 hominis
882 2262 977 2333 tradi
994 2263 1032 2332 io
1050 2285 1172 2332 monus
1188 2259 1365 2332 domicum
1382 2268 1414 2329 et
1431 2260 1490 2330 in·

307 2370 313 2383 ’
437 2377 602 2470 terficient
619 2401 705 2459 eum,
719 2387 751 2448 et
761 2385 842 2471 post
859 2376 1014 2448 triduum
1031 2384 1205 2472 resume&
1231 2385 1268 2445 et
1284 2377 1488 2447 contristati

436 2502 519 2562 sunt
542 2493 658 2575 nimis,
675 2494 758 2584 quia
778 2495 882 2563 sicuti
899 2494 1055 2562 diximus
1071 2491 1177 2585 louge
1194 2491 1370 2561 diversum
1388 2491 1491 2582 prius

436 2608 562 2677 animis
575 2631 615 2677 ac
629 2617 751 2678 mente
764 2617 1011 2700 conceperant.
1048 2604 1210 2697 Denique
1223 2606 1280 2676 hic
1293 2606 1361 2674 fuit
1374 2605 1490 2675 etiam

436 2721 460 2790 J
462 2724 644 2793 ndaeorum
662 2746 778 2794 sermo
791 2724 1078 2794 contradictionis
1093 2724 1261 2794 adversus
1277 2744 1370 2803 eum,
1384 2723 1490 2791 ‘eum

437 2861 474 2909 se
499 2841 575 2932 ipse
601 2841 746 2932 quidem
772 2841 915 2911 doceret
940 2862 1012 2921 eos,
1029 2849 1068 2909 et
1093 2841 1212 2909 futura
1236 2838 1490 2920 annuntiaret;

436 2952 487 3022 illi
505 2964 625 3025 autem
644 2956 812 3037 dicerent,
829 2953 904 3025 Nos
924 2954 1120 3025 amisimus
1137 2978 1158 3023 a
1175 2952 1245 3049 lopo
1261 2954 1343 3048 qnia
1361 2949 1491 3026 Chris-

477 3218 483 3238 ¹
501 3213 545 3284 nt]
564 3210 734 3267 Delendnm.

476 3311 484 3334 ¹
500 3308 674 3381 perseveret]
692 3307 757 3364 For.
774 3307 964 3372 scribendum,
973 3317 1174 3383 perseveraret.

476 3411 484 3439 ³
499 3404 701 3479 corriperetur]
720 3403 796 3461 Puto
809 3404 962 3479 legendum
977 3424 1039 3462 esse
1053 3415 1288 3480 corrumperetur.
1312 3405 1431 3462 Banuz.

475 3508 484 3534 ⁴
499 3501 696 3576 superfugere]
723 3501 787 3559 Hoc
801 3510 878 3558 certe
898 3501 990 3577 magis
1005 3502 1067 3558 Deo
1081 3502 1223 3566 convenit,
1239 3520 1323 3576 quam
1337 3501 1485 3560 subteriu-

433 3617 510 3672 gere.
534 3599 711 3655 Rrorrtrrus.

474 3699 483 3731 ⁹
498 3715 562 3752 cum
577 3716 608 3753 se
626 3697 685 3771 ipse
699 3697 812 3772 quidem
827 3696 958 3771 doceret]
983 3698 1113 3755 Docebat
1127 3717 1157 3754 se
1172 3697 1313 3762 Christus,
1328 3697 1436 3755 docens
1451 3718 1486 3758 se

433 3810 494 3848 esse
515 3802 614 3849 natum
635 3792 790 3857 hominem,
805 3793 982 3855 crucifixum,
998 3796 1149 3869 sepultum,
1164 3804 1263 3870 postea
1277 3814 1344 3853 vero
1365 3816 1484 3855 surrex·

432 3888 487 3945 isse
508 3907 542 3945 ac
562 3888 707 3945 revixisse.
751 3890 828 3946 Nom
842 3899 936 3947 totum
952 3890 1032 3956 illud,
1050 3890 1147 3948 Homo
1161 3891 1279 3957 Christi,
1293 3893 1353 3949 sive
1367 3893 1485 3969 Corpus

432 3994 461 4041 et
478 3984 602 4060 Sanguis
616 3985 732 4049 Christi,
749 3985 824 4043 Caro
839 3984 955 4051 Christi,
973 3986 1052 4043 Crux
1067 3987 1183 4051 Christi,
1198 4006 1231 4044 ac
1252 3987 1373 4062 denique
1393 4008 1484 4048 omne

431 4082 499 4139 illud
513 4082 589 4157 quod
608 4101 659 4156 pro
679 4083 761 4139 nobis
782 4084 811 4139 in
831 4083 946 4141 homine
967 4104 1028 4149 suo,
1043 4093 1227 4142 conversatus
1241 4085 1397 4149 nobiscum,
1413 4086 1485 4146 fecit

431 4179 556 4254 dixitque
572 4179 703 4236 Christus
718 4190 778 4236 est:
801 4181 920 4238 historia
935 4182 1072 4259 Corporis
1092 4193 1120 4239 et
1139 4184 1231 4240 crucis
1245 4182 1363 4251 Christi,
1379 4183 1481 4242 Chris-

429 4284 476 4332 tus
490 4286 542 4332 est.
585 4277 656 4332 Eam
678 4277 726 4350 qui
746 4278 840 4334 sciunt
854 4278 1001 4336 Christum
1021 4280 1122 4336 sciunt.
1146 4280 1192 4353 qni
1207 4287 1289 4354 gesta
1302 4287 1331 4335 et
1345 4278 1485 4339 mandata

430 4372 538 4429 Christi
559 4373 654 4429 animo
676 4391 736 4438 sno,
751 4373 836 4431 corde
854 4394 916 4439 suo,
932 4386 1028 4433 mente
1043 4396 1102 4441 sua,
1118 4376 1191 4432 bene
1205 4395 1238 4433 ac
1253 4376 1373 4432 fideliter
1387 4379 1482 4435 conti-

430 4481 508 4535 nent,
524 4472 670 4529 Christum
692 4472 721 4528 in
743 4491 773 4528 se
794 4472 907 4529 habent.
930 4474 959 4529 in
981 4474 1035 4530 illis
1049 4474 1119 4530 vivit
1133 4473 1274 4541 Christus,
1290 4483 1319 4530 et
1333 4474 1433 4531 vivunt
1450 4476 1483 4534 in

430 4568 562 4625 Christo:
586 4570 732 4626 Christum
755 4570 856 4634 sciunt,
874 4582 905 4627 ut
921 4572 1111 4628 Tertullianus
1133 4572 1215 4636 dixit,
1230 4571 1411 4628 Alexandrum
1433 4578 1483 4648 osi

428 4666 525 4729 edunt,
542 4666 576 4721 de
593 4667 624 4721 iis
639 4668 686 4741 qui
701 4668 854 4724 Alexandri
869 4669 955 4726 vitam
976 4669 1034 4726 sive
1049 4669 1195 4726 historiam
1211 4669 1325 4725 scirent.
1349 4669 1478 4728 Rrostr.
