<?xml version="1.0" encoding="UTF-8"?>
<!DOCTYPE html PUBLIC "-//W3C//DTD XHTML 1.0 Transitional//EN"
    "http://www.w3.org/TR/xhtml1/DTD/xhtml1-transitional.dtd">
<html xmlns="http://www.w3.org/1999/xhtml" xml:lang="en" lang="en">
 <head>
  <title>
</title>
<meta http-equiv="Content-Type" content="text/html;charset=utf-8" />
  <meta name='ocr-system' content='tesseract 3.04.00' />
  <meta name='ocr-capabilities' content='ocr_page ocr_carea ocr_par ocr_line ocrx_word'/>
</head>
<body>
  <div class='ocr_page' id='page_1' title='image "./reliquiaesacrae02routgoog_0061.png"; bbox 0 0 3817 5692; ppageno 0'>
   <div class='ocr_carea' id='block_1_1' title="bbox 792 704 1474 770">
    <p class='ocr_par' dir='ltr' id='par_1_1' title="bbox 792 704 1474 770">
     <span class='ocr_line' id='line_1_1' title="bbox 792 704 1474 770; baseline -0.001 -2"><span class='ocrx_word' id='word_1_1' title='bbox 792 705 1103 770; x_wconf 85' lang='lat' dir='ltr'><strong>DISPUTATIO.</strong></span> <span class='ocrx_word' id='word_1_2' title='bbox 1431 704 1474 767; x_wconf 79' lang='lat'><strong>47</strong></span> 
     </span>
    </p>
   </div>
   <div class='ocr_carea' id='block_1_2' title="bbox 425 868 1475 2295">
    <p class='ocr_par' dir='ltr' id='par_1_2' title="bbox 425 868 1475 1331">
     <span class='ocr_line' id='line_1_2' title="bbox 426 868 1475 978; baseline -0.008 -21"><span class='ocrx_word' id='word_1_3' title='bbox 426 881 474 961; x_wconf 79' lang='grc' dir='ltr'><strong>ὡς</strong></span> <span class='ocrx_word' id='word_1_4' title='bbox 502 882 535 956; x_wconf 80' lang='grc' dir='ltr'><strong>οἱ</strong></span> <span class='ocrx_word' id='word_1_5' title='bbox 561 880 632 956; x_wconf 79' lang='grc' dir='ltr'><strong>τῶν</strong></span> <span class='ocrx_word' id='word_1_6' title='bbox 659 880 811 961; x_wconf 81' lang='grc' dir='ltr'>πολλῶν</span> <span class='ocrx_word' id='word_1_7' title='bbox 838 874 1097 978; x_wconf 72' lang='grc' dir='ltr'>ἀφρονεστεροι</span> <span class='ocrx_word' id='word_1_8' title='bbox 1123 880 1302 951; x_wconf 80' lang='grc' dir='ltr'>ποιοῦσιν.</span> <span class='ocrx_word' id='word_1_9' title='bbox 1352 868 1423 950; x_wconf 84' lang='grc' dir='ltr'>νόει</span> <span class='ocrx_word' id='word_1_10' title='bbox 1450 868 1475 949; x_wconf 79' lang='grc' dir='ltr'><em>ἃ</em></span> 
     </span>
     <span class='ocr_line' id='line_1_3' title="bbox 425 1000 894 1104; baseline -0.011 -22"><span class='ocrx_word' id='word_1_11' title='bbox 425 1003 535 1104; x_wconf 71' lang='grc' dir='ltr'>λέγω,</span> <span class='ocrx_word' id='word_1_12' title='bbox 553 1001 677 1081; x_wconf 74' lang='grc' dir='ltr'>τέκνον</span> <span class='ocrx_word' id='word_1_13' title='bbox 694 1000 894 1098; x_wconf 80' lang='grc' dir='ltr'>τιμιώτατε.</span> 
     </span>
     <span class='ocr_line' id='line_1_4' title="bbox 425 1159 1473 1251; baseline -0.006 -21"><span class='ocrx_word' id='word_1_14' title='bbox 425 1164 517 1230; x_wconf 87' lang='lat' dir='ltr'><strong>sicuti</strong></span> <span class='ocrx_word' id='word_1_15' title='bbox 533 1164 659 1251; x_wconf 84' lang='lat' dir='ltr'>plurimi</span> <span class='ocrx_word' id='word_1_16' title='bbox 674 1163 889 1248; x_wconf 89' lang='lat' dir='ltr'><strong>insipientium</strong></span> <span class='ocrx_word' id='word_1_17' title='bbox 904 1162 1035 1227; x_wconf 83' lang='lat' dir='ltr'><strong>iaciunt.</strong></span> <span class='ocrx_word' id='word_1_18' title='bbox 1080 1160 1228 1247; x_wconf 82' lang='lat' dir='ltr'><strong>intellige</strong></span> <span class='ocrx_word' id='word_1_19' title='bbox 1243 1182 1314 1247; x_wconf 79' lang='lat' dir='ltr'><strong>quaa</strong></span> <span class='ocrx_word' id='word_1_20' title='bbox 1329 1161 1412 1235; x_wconf 88' lang='lat' dir='ltr'><strong>dico,</strong></span> <span class='ocrx_word' id='word_1_21' title='bbox 1428 1159 1473 1224; x_wconf 86' lang='lat' dir='ltr'><strong>fili</strong></span> 
     </span>
     <span class='ocr_line' id='line_1_5' title="bbox 426 1265 646 1331; baseline -0.014 0"><span class='ocrx_word' id='word_1_22' title='bbox 426 1265 646 1331; x_wconf 76' lang='lat' dir='ltr'><strong>&#39;honorabilis</strong></span> 
     </span>
    </p>

    <p class='ocr_par' dir='ltr' id='par_1_3' title="bbox 426 1395 1474 2295">
     <span class='ocr_line' id='line_1_6' title="bbox 475 1395 1474 1491; baseline -0.004 -20"><span class='ocrx_word' id='word_1_23' title='bbox 475 1398 542 1471; x_wconf 89' lang='lat' dir='ltr'><strong>VI.</strong></span> <span class='ocrx_word' id='word_1_24' title='bbox 571 1398 650 1469; x_wconf 91' lang='lat' dir='ltr'><strong>Hac</strong></span> <span class='ocrx_word' id='word_1_25' title='bbox 680 1396 829 1491; x_wconf 89' lang='lat' dir='ltr'><strong>epistola</strong></span> <span class='ocrx_word' id='word_1_26' title='bbox 858 1396 960 1477; x_wconf 84' lang='lat' dir='ltr'><strong>lecta,</strong></span> <span class='ocrx_word' id='word_1_27' title='bbox 988 1395 1145 1488; x_wconf 87' lang='lat' dir='ltr'><strong>bajulum</strong></span> <span class='ocrx_word' id='word_1_28' title='bbox 1172 1395 1352 1467; x_wconf 87' lang='lat' dir='ltr'><strong>literarum</strong></span> <span class='ocrx_word' id='word_1_29' title='bbox 1378 1397 1474 1467; x_wconf 90' lang='lat' dir='ltr'><strong>Mar-</strong></span> 
     </span>
     <span class='ocr_line' id='line_1_7' title="bbox 426 1508 1473 1614; baseline -0.004 -29"><span class='ocrx_word' id='word_1_30' title='bbox 426 1513 537 1614; x_wconf 82' lang='lat' dir='ltr'><strong>cellus</strong></span> <span class='ocrx_word' id='word_1_31' title='bbox 560 1512 901 1605; x_wconf 61' lang='lat' dir='ltr'><strong>&amp;obsequentissime</strong></span> <span class='ocrx_word' id='word_1_32' title='bbox 926 1512 1070 1582; x_wconf 87' lang='lat' dir='ltr'><strong>fovebat</strong></span> <span class='ocrx_word' id='word_1_33' title='bbox 1095 1510 1258 1603; x_wconf 88' lang='lat' dir='ltr'><strong>hospitio,</strong></span> <span class='ocrx_word' id='word_1_34' title='bbox 1276 1508 1473 1582; x_wconf 79' lang='lat' dir='ltr'><strong>Archelaus</strong></span> 
     </span>
     <span class='ocr_line' id='line_1_8' title="bbox 429 1625 1474 1722; baseline -0.002 -23"><span class='ocrx_word' id='word_1_35' title='bbox 429 1653 508 1701; x_wconf 87' lang='lat' dir='ltr'><strong>vero</strong></span> <span class='ocrx_word' id='word_1_36' title='bbox 526 1654 569 1702; x_wconf 88' lang='lat' dir='ltr'><strong>ea</strong></span> <span class='ocrx_word' id='word_1_37' title='bbox 586 1653 664 1722; x_wconf 87' lang='lat' dir='ltr'><strong>quae</strong></span> <span class='ocrx_word' id='word_1_38' title='bbox 681 1629 775 1700; x_wconf 87' lang='lat' dir='ltr'><strong>lecta</strong></span> <span class='ocrx_word' id='word_1_39' title='bbox 790 1636 883 1709; x_wconf 88' lang='lat' dir='ltr'><strong>sunt,</strong></span> <span class='ocrx_word' id='word_1_40' title='bbox 901 1650 972 1697; x_wconf 93' lang='lat' dir='ltr'><strong>non</strong></span> <span class='ocrx_word' id='word_1_41' title='bbox 994 1625 1146 1696; x_wconf 84' lang='lat' dir='ltr'>libenter</span> <span class='ocrx_word' id='word_1_42' title='bbox 1162 1627 1356 1719; x_wconf 86' lang='lat' dir='ltr'><strong>amplexus,</strong></span> <span class='ocrx_word' id='word_1_43' title='bbox 1376 1626 1474 1697; x_wconf 90' lang='lat' dir='ltr'><strong>velut</strong></span> 
     </span>
     <span class='ocr_line' id='line_1_9' title="bbox 426 1736 1474 1832; baseline -0.002 -20"><span class='ocrx_word' id='word_1_44' title='bbox 426 1741 483 1812; x_wconf 92' lang='lat' dir='ltr'><strong>leo</strong></span> <span class='ocrx_word' id='word_1_45' title='bbox 508 1741 694 1812; x_wconf 88' lang='lat' dir='ltr'><strong>conclusus</strong></span> <span class='ocrx_word' id='word_1_46' title='bbox 720 1739 886 1810; x_wconf 91' lang='lat' dir='ltr'><strong>dentibus</strong></span> <span class='ocrx_word' id='word_1_47' title='bbox 912 1736 1169 1820; x_wconf 82' lang='lat' dir='ltr'><strong>hinfrendebat,</strong></span> <span class='ocrx_word' id='word_1_48' title='bbox 1194 1748 1375 1809; x_wconf 82' lang='lat' dir='ltr'><strong>auctorem</strong></span> <span class='ocrx_word' id='word_1_49' title='bbox 1401 1741 1474 1832; x_wconf 92' lang='lat' dir='ltr'><strong>epi-</strong></span> 
     </span>
     <span class='ocr_line' id='line_1_10' title="bbox 426 1853 1474 1948; baseline -0.002 -22"><span class='ocrx_word' id='word_1_50' title='bbox 426 1855 528 1927; x_wconf 87' lang='lat' dir='ltr'><strong>stolae</strong></span> <span class='ocrx_word' id='word_1_51' title='bbox 545 1856 612 1926; x_wconf 94' lang='lat' dir='ltr'><strong>sibi</strong></span> <span class='ocrx_word' id='word_1_52' title='bbox 630 1856 830 1926; x_wconf 89' lang='lat' dir='ltr'><strong>desiderans</strong></span> <span class='ocrx_word' id='word_1_53' title='bbox 848 1856 943 1938; x_wconf 83' lang='lat' dir='ltr'><strong>dari3</strong></span> <span class='ocrx_word' id='word_1_54' title='bbox 965 1878 1071 1948; x_wconf 91' lang='lat' dir='ltr'><strong>quem</strong></span> <span class='ocrx_word' id='word_1_55' title='bbox 1091 1853 1286 1925; x_wconf 79' lang='lat' dir='ltr'><strong>Marcellus</strong></span> <span class='ocrx_word' id='word_1_56' title='bbox 1302 1855 1474 1926; x_wconf 85' lang='lat' dir='ltr'><strong>suadebat</strong></span> 
     </span>
     <span class='ocr_line' id='line_1_11' title="bbox 427 1969 1473 2062; baseline 0.001 -23"><span class='ocrx_word' id='word_1_57' title='bbox 427 1971 617 2062; x_wconf 85' lang='lat' dir='ltr'><strong>quiescere,</strong></span> <span class='ocrx_word' id='word_1_58' title='bbox 634 1980 748 2040; x_wconf 88' lang='lat' dir='ltr'><strong>semet</strong></span> <span class='ocrx_word' id='word_1_59' title='bbox 771 1969 941 2062; x_wconf 89' lang='lat' dir='ltr'><strong>pollicens</strong></span> <span class='ocrx_word' id='word_1_60' title='bbox 963 1979 1231 2062; x_wconf 90' lang='lat' dir='ltr'><strong>procuraturum</strong></span> <span class='ocrx_word' id='word_1_61' title='bbox 1248 1971 1473 2061; x_wconf 85' lang='lat' dir='ltr'><strong>praesentiam</strong></span> 
     </span>
     <span class='ocr_line' id='line_1_12' title="bbox 428 2085 1474 2180; baseline 0.001 -24"><span class='ocrx_word' id='word_1_62' title='bbox 428 2086 502 2156; x_wconf 87' lang='lat' dir='ltr'><strong>viri.</strong></span> <span class='ocrx_word' id='word_1_63' title='bbox 554 2086 761 2157; x_wconf 85' lang='lat' dir='ltr'><strong>Rescribere</strong></span> <span class='ocrx_word' id='word_1_64' title='bbox 779 2109 863 2180; x_wconf 88' lang='lat' dir='ltr'><strong>ergo</strong></span> <span class='ocrx_word' id='word_1_65' title='bbox 881 2085 1076 2157; x_wconf 90' lang='lat' dir='ltr'><strong>Marcellus</strong></span> <span class='ocrx_word' id='word_1_66' title='bbox 1102 2087 1147 2155; x_wconf 93' lang='lat' dir='ltr'><strong>ad</strong></span> <span class='ocrx_word' id='word_1_67' title='bbox 1173 2110 1226 2169; x_wconf 89' lang='lat' dir='ltr'><strong>ea,</strong></span> <span class='ocrx_word' id='word_1_68' title='bbox 1244 2109 1322 2179; x_wconf 90' lang='lat' dir='ltr'><strong>quae</strong></span> <span class='ocrx_word' id='word_1_69' title='bbox 1345 2088 1474 2179; x_wconf 89' lang='lat' dir='ltr'><strong>scripta</strong></span> 
     </span>
     <span class='ocr_line' id='line_1_13' title="bbox 427 2200 1230 2295; baseline -0.004 -22"><span class='ocrx_word' id='word_1_70' title='bbox 427 2211 518 2285; x_wconf 72' lang='lat' dir='ltr'><strong>sunt,</strong></span> <span class='ocrx_word' id='word_1_71' title='bbox 536 2203 662 2274; x_wconf 89' lang='lat' dir='ltr'><strong>statuit</strong></span> <span class='ocrx_word' id='word_1_72' title='bbox 678 2201 866 2295; x_wconf 89' lang='lat' dir='ltr'><strong>epistolam</strong></span> <span class='ocrx_word' id='word_1_73' title='bbox 884 2202 1128 2272; x_wconf 88' lang='lat' dir='ltr'><strong>continentem</strong></span> <span class='ocrx_word' id='word_1_74' title='bbox 1146 2200 1230 2271; x_wconf 84' lang='lat' dir='ltr'><strong>haec.</strong></span> 
     </span>
    </p>
   </div>
   <div class='ocr_carea' id='block_1_3' title="bbox 467 2353 1436 2587">
    <p class='ocr_par' dir='ltr' id='par_1_4' title="bbox 467 2353 1436 2587">
     <span class='ocr_line' id='line_1_14' title="bbox 467 2353 1436 2461; baseline 0.001 -25"><span class='ocrx_word' id='word_1_75' title='bbox 467 2355 689 2459; x_wconf 71' lang='grc' dir='ltr'>Μαρκέλλος</span> <span class='ocrx_word' id='word_1_76' title='bbox 707 2354 796 2460; x_wconf 78' lang='grc' dir='ltr'>ἀνὴρ</span> <span class='ocrx_word' id='word_1_77' title='bbox 814 2358 999 2454; x_wconf 75' lang='grc' dir='ltr'>ἐπισημος,</span> <span class='ocrx_word' id='word_1_78' title='bbox 1020 2356 1212 2461; x_wconf 78' lang='grc' dir='ltr'>Μανιχαίιρ</span> <span class='ocrx_word' id='word_1_79' title='bbox 1227 2360 1279 2461; x_wconf 76' lang='grc' dir='ltr'><strong>τῷ</strong></span> <span class='ocrx_word' id='word_1_80' title='bbox 1297 2353 1355 2433; x_wconf 81' lang='grc' dir='ltr'><strong>διὰ</strong></span> <span class='ocrx_word' id='word_1_81' title='bbox 1373 2358 1436 2453; x_wconf 76' lang='grc' dir='ltr'><strong>τῆς</strong></span> 
     </span>
     <span class='ocr_line' id='line_1_15' title="bbox 647 2482 1255 2587; baseline -0.007 -24"><span class='ocrx_word' id='word_1_82' title='bbox 647 2485 843 2580; x_wconf 78' lang='grc' dir='ltr'>ἐπιστολῆς</span> <span class='ocrx_word' id='word_1_83' title='bbox 860 2482 1078 2587; x_wconf 76' lang='grc' dir='ltr'>δηλουμένῳ,</span> <span class='ocrx_word' id='word_1_84' title='bbox 1095 2483 1255 2582; x_wconf 81' lang='grc' dir='ltr'>Χαίρειν.</span> 
     </span>
    </p>
   </div>
   <div class='ocr_carea' id='block_1_4' title="bbox 430 2631 1477 2865">
    <p class='ocr_par' dir='ltr' id='par_1_5' title="bbox 430 2631 1477 2865">
     <span class='ocr_line' id='line_1_16' title="bbox 484 2631 1473 2739; baseline -0.004 -25"><span class='ocrx_word' id='word_1_85' title='bbox 484 2632 564 2732; x_wconf 77' lang='grc' dir='ltr'><strong>Τὴν</strong></span> <span class='ocrx_word' id='word_1_86' title='bbox 580 2632 647 2732; x_wconf 70' lang='grc' dir='ltr'><strong>μὲν</strong></span> <span class='ocrx_word' id='word_1_87' title='bbox 665 2632 733 2714; x_wconf 80' lang='grc' dir='ltr'><strong>ὑπὸ</strong></span> <span class='ocrx_word' id='word_1_88' title='bbox 756 2641 826 2713; x_wconf 87' lang='grc' dir='ltr'><strong>σοῦ</strong></span> <span class='ocrx_word' id='word_1_89' title='bbox 847 2639 1051 2739; x_wconf 78' lang='grc' dir='ltr'>γραφεῖσαν</span> <span class='ocrx_word' id='word_1_90' title='bbox 1069 2632 1266 2732; x_wconf 76' lang='grc' dir='ltr'>ἐπιστολὴν</span> <span class='ocrx_word' id='word_1_91' title='bbox 1284 2631 1473 2734; x_wconf 82' lang='grc' dir='ltr'>προσηκά-</span> 
     </span>
     <span class='ocr_line' id='line_1_17' title="bbox 430 2755 1477 2865; baseline -0.005 -26"><span class='ocrx_word' id='word_1_92' title='bbox 430 2794 511 2859; x_wconf 87' lang='grc' dir='ltr'>μην.</span> <span class='ocrx_word' id='word_1_93' title='bbox 549 2757 612 2839; x_wconf 80' lang='grc' dir='ltr'><strong>τὸν</strong></span> <span class='ocrx_word' id='word_1_94' title='bbox 637 2758 873 2861; x_wconf 79' lang='grc' dir='ltr'>δέΤύρβωνα</span> <span class='ocrx_word' id='word_1_95' title='bbox 894 2756 1169 2865; x_wconf 77' lang='grc' dir='ltr'>προσεδεξάμην</span> <span class='ocrx_word' id='word_1_96' title='bbox 1187 2755 1278 2836; x_wconf 78' lang='grc' dir='ltr'>κατὰ</span> <span class='ocrx_word' id='word_1_97' title='bbox 1296 2761 1477 2861; x_wconf 81' lang='grc' dir='ltr'>φιλοφρο-</span> 
     </span>
    </p>
   </div>
   <div class='ocr_carea' id='block_1_5' title="bbox 431 2883 1477 3365">
    <p class='ocr_par' dir='ltr' id='par_1_6' title="bbox 431 2883 1477 3365">
     <span class='ocr_line' id='line_1_18' title="bbox 431 2883 1477 2988; baseline 0 -23"><span class='ocrx_word' id='word_1_98' title='bbox 431 2886 545 2985; x_wconf 81' lang='grc' dir='ltr'>σύνην</span> <span class='ocrx_word' id='word_1_99' title='bbox 569 2885 667 2985; x_wconf 80' lang='grc' dir='ltr'>ἐμὴν,</span> <span class='ocrx_word' id='word_1_100' title='bbox 695 2892 767 2964; x_wconf 80' lang='grc' dir='ltr'><strong>τῶν</strong></span> <span class='ocrx_word' id='word_1_101' title='bbox 793 2884 831 2965; x_wconf 73' lang='grc' dir='ltr'><strong>δὲ</strong></span> <span class='ocrx_word' id='word_1_102' title='bbox 864 2885 1085 2988; x_wconf 81' lang='grc' dir='ltr'>γραμμάτων</span> <span class='ocrx_word' id='word_1_103' title='bbox 1112 2883 1176 2964; x_wconf 86' lang='grc' dir='ltr'><strong>τὸν</strong></span> <span class='ocrx_word' id='word_1_104' title='bbox 1206 2894 1289 2963; x_wconf 85' lang='grc' dir='ltr'>νοῦν</span> <span class='ocrx_word' id='word_1_105' title='bbox 1315 2885 1477 2981; x_wconf 77' lang='grc' dir='ltr'>οὐδαμῶς</span> 
     </span>
     <span class='ocr_line' id='line_1_19' title="bbox 431 3009 1472 3115; baseline -0.006 -24"><span class='ocrx_word' id='word_1_106' title='bbox 431 3012 553 3113; x_wconf 74' lang='grc' dir='ltr'>ἔγνων,</span> <span class='ocrx_word' id='word_1_107' title='bbox 572 3018 602 3089; x_wconf 80' lang='grc' dir='ltr'><strong>εἶ</strong></span> <span class='ocrx_word' id='word_1_108' title='bbox 629 3011 679 3110; x_wconf 82' lang='grc' dir='ltr'><strong>μὴ</strong></span> <span class='ocrx_word' id='word_1_109' title='bbox 707 3010 757 3089; x_wconf 68' lang='grc' dir='ltr'><strong>σὺ</strong></span> <span class='ocrx_word' id='word_1_110' title='bbox 783 3009 1070 3113; x_wconf 83' lang='grc' dir='ltr'>παραγενόμενος</span> <span class='ocrx_word' id='word_1_111' title='bbox 1094 3009 1240 3115; x_wconf 78' lang='grc' dir='ltr'>φράσῃς</span> <span class='ocrx_word' id='word_1_112' title='bbox 1261 3009 1345 3107; x_wconf 83' lang='grc' dir='ltr'>ἡμῖν</span> <span class='ocrx_word' id='word_1_113' title='bbox 1363 3042 1472 3087; x_wconf 86' lang='grc' dir='ltr'>κατα-</span> 
     </span>
     <span class='ocr_line' id='line_1_20' title="bbox 432 3135 1474 3240; baseline -0.002 -24"><span class='ocrx_word' id='word_1_114' title='bbox 432 3137 592 3238; x_wconf 74' lang='grc' dir='ltr'>λογάδην</span> <span class='ocrx_word' id='word_1_115' title='bbox 624 3136 786 3233; x_wconf 79' lang='grc' dir='ltr'>ἕκαστον,</span> <span class='ocrx_word' id='word_1_116' title='bbox 815 3139 863 3219; x_wconf 85' lang='grc' dir='ltr'><strong>ὡς</strong></span> <span class='ocrx_word' id='word_1_117' title='bbox 897 3137 1056 3240; x_wconf 76' lang='grc' dir='ltr'>ὑπέσχον</span> <span class='ocrx_word' id='word_1_118' title='bbox 1088 3135 1146 3215; x_wconf 76' lang='grc' dir='ltr'><strong>διὰ</strong></span> <span class='ocrx_word' id='word_1_119' title='bbox 1177 3140 1241 3235; x_wconf 76' lang='grc' dir='ltr'><strong>τῆς</strong></span> <span class='ocrx_word' id='word_1_120' title='bbox 1269 3138 1474 3232; x_wconf 81' lang='grc' dir='ltr'>ἐπιστολῆς.</span> 
     </span>
     <span class='ocr_line' id='line_1_21' title="bbox 431 3264 601 3365; baseline 0.006 -23"><span class='ocrx_word' id='word_1_121' title='bbox 431 3264 601 3365; x_wconf 78' lang='grc' dir='ltr'>ἔρρωσθε.</span> 
     </span>
    </p>
   </div>
   <div class='ocr_carea' id='block_1_6' title="bbox 433 3418 1479 3909">
    <p class='ocr_par' dir='ltr' id='par_1_7' title="bbox 433 3418 1479 3760">
     <span class='ocr_line' id='line_1_22' title="bbox 433 3418 1478 3505; baseline -0.001 -23"><span class='ocrx_word' id='word_1_122' title='bbox 433 3419 602 3484; x_wconf 78' lang='lat' dir='ltr'><strong>Marcellos</strong></span> <span class='ocrx_word' id='word_1_123' title='bbox 622 3419 685 3484; x_wconf 81' lang='lat' dir='ltr'><strong>¹oir</strong></span> <span class='ocrx_word' id='word_1_124' title='bbox 705 3429 800 3497; x_wconf 78' lang='lat' dir='ltr'><strong>notus,</strong></span> <span class='ocrx_word' id='word_1_125' title='bbox 825 3420 934 3485; x_wconf 75' lang='lat' dir='ltr'><strong>Mani·</strong></span> <span class='ocrx_word' id='word_1_126' title='bbox 977 3421 1055 3505; x_wconf 83' lang='lat' dir='ltr'><strong>cepi,</strong></span> <span class='ocrx_word' id='word_1_127' title='bbox 1071 3440 1198 3484; x_wconf 88' lang='lat' dir='ltr'><strong>sensum</strong></span> <span class='ocrx_word' id='word_1_128' title='bbox 1217 3439 1292 3482; x_wconf 86' lang='lat' dir='ltr'><strong>vero</strong></span> <span class='ocrx_word' id='word_1_129' title='bbox 1313 3418 1478 3482; x_wconf 87' lang='lat' dir='ltr'><strong>literarum</strong></span> 
     </span>
     <span class='ocr_line' id='line_1_23' title="bbox 475 3503 1478 3591; baseline -0.003 -23"><span class='ocrx_word' id='word_1_130' title='bbox 475 3505 561 3582; x_wconf 79' lang='lat' dir='ltr'><strong>olco,</strong></span> <span class='ocrx_word' id='word_1_131' title='bbox 574 3506 629 3590; x_wconf 81' lang='lat' dir='ltr'><strong>qui</strong></span> <span class='ocrx_word' id='word_1_132' title='bbox 642 3504 701 3569; x_wconf 80' lang='lat' dir='ltr'><strong>sibi</strong></span> <span class='ocrx_word' id='word_1_133' title='bbox 710 3527 769 3590; x_wconf 85' lang='lat' dir='ltr'><strong>per</strong></span> <span class='ocrx_word' id='word_1_134' title='bbox 779 3505 935 3590; x_wconf 70' lang='lat' dir='ltr'><strong>epidolom</strong></span> <span class='ocrx_word' id='word_1_135' title='bbox 977 3527 1176 3591; x_wconf 85' lang='lat' dir='ltr'><strong>nequaquam</strong></span> <span class='ocrx_word' id='word_1_136' title='bbox 1188 3503 1329 3577; x_wconf 86' lang='lat' dir='ltr'><strong>adverti;</strong></span> <span class='ocrx_word' id='word_1_137' title='bbox 1347 3504 1407 3566; x_wconf 93' lang='lat' dir='ltr'><strong>nisi</strong></span> <span class='ocrx_word' id='word_1_138' title='bbox 1417 3503 1478 3565; x_wconf 90' lang='lat' dir='ltr'><strong>ior-</strong></span> 
     </span>
     <span class='ocr_line' id='line_1_24' title="bbox 475 3588 1479 3676; baseline -0.003 -23"><span class='ocrx_word' id='word_1_139' title='bbox 475 3590 631 3654; x_wconf 77' lang='lat' dir='ltr'><strong>iadicatua</strong></span> <span class='ocrx_word' id='word_1_140' title='bbox 645 3600 694 3665; x_wconf 74' lang='lat' dir='ltr'><strong>aaa,</strong></span> <span class='ocrx_word' id='word_1_141' title='bbox 709 3591 846 3655; x_wconf 67' lang='lat' dir='ltr'><strong>solmam.</strong></span> <span class='ocrx_word' id='word_1_142' title='bbox 976 3598 1011 3654; x_wconf 92' lang='lat' dir='ltr'><strong>te</strong></span> <span class='ocrx_word' id='word_1_143' title='bbox 1025 3601 1062 3654; x_wconf 93' lang='lat' dir='ltr'><strong>tu</strong></span> <span class='ocrx_word' id='word_1_144' title='bbox 1077 3611 1216 3676; x_wconf 84' lang='lat' dir='ltr'><strong>praesens</strong></span> <span class='ocrx_word' id='word_1_145' title='bbox 1231 3610 1372 3673; x_wconf 85' lang='lat' dir='ltr'><strong>exponas</strong></span> <span class='ocrx_word' id='word_1_146' title='bbox 1387 3588 1479 3651; x_wconf 81' lang='lat' dir='ltr'><strong>nobis</strong></span> 
     </span>
     <span class='ocr_line' id='line_1_25' title="bbox 477 3672 1478 3760; baseline -0.002 -22"><span class='ocrx_word' id='word_1_147' title='bbox 477 3674 636 3760; x_wconf 89' lang='lat' dir='ltr'><strong>Soriptam</strong></span> <span class='ocrx_word' id='word_1_148' title='bbox 652 3675 780 3760; x_wconf 92' lang='lat' dir='ltr'><strong>quidem</strong></span> <span class='ocrx_word' id='word_1_149' title='bbox 793 3675 933 3760; x_wconf 85' lang='lat' dir='ltr'><strong>ateepi·</strong></span> <span class='ocrx_word' id='word_1_150' title='bbox 977 3697 1034 3760; x_wconf 91' lang='lat' dir='ltr'><strong>per</strong></span> <span class='ocrx_word' id='word_1_151' title='bbox 1068 3676 1175 3747; x_wconf 85' lang='lat' dir='ltr'><strong>verba,</strong></span> <span class='ocrx_word' id='word_1_152' title='bbox 1207 3673 1343 3758; x_wconf 84' lang='lat' dir='ltr'><strong>singula,</strong></span> <span class='ocrx_word' id='word_1_153' title='bbox 1373 3672 1478 3737; x_wconf 75' lang='lat' dir='ltr'><strong>lsicut</strong></span> 
     </span>
    </p>

    <p class='ocr_par' dir='ltr' id='par_1_8' title="bbox 433 3758 1271 3845">
     <span class='ocr_line' id='line_1_26' title="bbox 433 3758 1271 3845; baseline -0.001 -22"><span class='ocrx_word' id='word_1_154' title='bbox 433 3759 548 3823; x_wconf 85' lang='lat' dir='ltr'><strong>stolum</strong></span> <span class='ocrx_word' id='word_1_155' title='bbox 562 3760 692 3845; x_wconf 88' lang='lat' dir='ltr'><strong>sumpsi,</strong></span> <span class='ocrx_word' id='word_1_156' title='bbox 704 3767 738 3823; x_wconf 90' lang='lat' dir='ltr'><strong>at</strong></span> <span class='ocrx_word' id='word_1_157' title='bbox 752 3761 934 3824; x_wconf 86' lang='lat' dir='ltr'><strong>Turbonem</strong></span> <span class='ocrx_word' id='word_1_158' title='bbox 977 3760 1159 3845; x_wconf 84' lang='lat' dir='ltr'><strong>promisisti.</strong></span> <span class='ocrx_word' id='word_1_159' title='bbox 1184 3758 1271 3823; x_wconf 85' lang='lat' dir='ltr'><strong>Vale.</strong></span> 
     </span>
    </p>

    <p class='ocr_par' dir='ltr' id='par_1_9' title="bbox 434 3844 934 3909">
     <span class='ocr_line' id='line_1_27' title="bbox 434 3844 934 3909; baseline 0.004 -2"><span class='ocrx_word' id='word_1_160' title='bbox 434 3844 529 3909; x_wconf 88' lang='lat' dir='ltr'><strong>solito</strong></span> <span class='ocrx_word' id='word_1_161' title='bbox 549 3845 627 3908; x_wconf 91' lang='lat' dir='ltr'><strong>mihi</strong></span> <span class='ocrx_word' id='word_1_162' title='bbox 648 3845 849 3909; x_wconf 85' lang='lat' dir='ltr'><strong>humanitate</strong></span> <span class='ocrx_word' id='word_1_163' title='bbox 868 3867 934 3909; x_wconf 89' lang='lat' dir='ltr'><strong>sus-</strong></span> 
     </span>
    </p>
   </div>
   <div class='ocr_carea' id='block_1_7' title="bbox 485 3970 1479 4067">
    <p class='ocr_par' dir='ltr' id='par_1_10' title="bbox 485 3970 1479 4067">
     <span class='ocr_line' id='line_1_28' title="bbox 485 3970 1479 4067; baseline -0.002 -26"><span class='ocrx_word' id='word_1_164' title='bbox 485 3970 589 4042; x_wconf 91' lang='lat' dir='ltr'><strong>Hanc</strong></span> <span class='ocrx_word' id='word_1_165' title='bbox 615 3972 800 4065; x_wconf 88' lang='lat' dir='ltr'><strong>epistolam</strong></span> <span class='ocrx_word' id='word_1_166' title='bbox 825 3975 999 4067; x_wconf 84' lang='lat' dir='ltr'><strong>signatam</strong></span> <span class='ocrx_word' id='word_1_167' title='bbox 1027 3973 1188 4043; x_wconf 87' lang='lat' dir='ltr'><strong>tradebat</strong></span> <span class='ocrx_word' id='word_1_168' title='bbox 1207 3971 1361 4042; x_wconf 88' lang='lat' dir='ltr'><strong>Turboni</strong></span> <span class='ocrx_word' id='word_1_169' title='bbox 1390 3971 1446 4040; x_wconf 91' lang='lat' dir='ltr'><strong>ref</strong></span> <span class='ocrx_word' id='word_1_170' title='bbox 1464 4014 1479 4028; x_wconf 91' lang='lat'><strong>·</strong></span> 
     </span>
    </p>
   </div>
   <div class='ocr_carea' id='block_1_8' title="bbox 435 4133 1480 4698">
    <p class='ocr_par' dir='ltr' id='par_1_11' title="bbox 435 4133 1479 4309">
     <span class='ocr_line' id='line_1_29' title="bbox 474 4133 1479 4212; baseline -0.005 -17"><span class='ocrx_word' id='word_1_171' title='bbox 474 4134 487 4179; x_wconf 80' lang='lat'><strong><em>¹</em></strong></span> <span class='ocrx_word' id='word_1_172' title='bbox 506 4137 606 4195; x_wconf 84' lang='lat' dir='ltr'><strong>Codex</strong></span> <span class='ocrx_word' id='word_1_173' title='bbox 620 4137 781 4206; x_wconf 87' lang='lat' dir='ltr'><strong>Bobiensis,</strong></span> <span class='ocrx_word' id='word_1_174' title='bbox 796 4138 969 4197; x_wconf 80' lang='lat' dir='ltr'><strong>lonerobilia.</strong></span> <span class='ocrx_word' id='word_1_175' title='bbox 1009 4137 1084 4203; x_wconf 80' lang='lat' dir='ltr'><strong>Vale,</strong></span> <span class='ocrx_word' id='word_1_176' title='bbox 1099 4136 1175 4212; x_wconf 92' lang='lat' dir='ltr'><strong>qnod</strong></span> <span class='ocrx_word' id='word_1_177' title='bbox 1188 4136 1305 4193; x_wconf 85' lang='lat' dir='ltr'><strong>verbum</strong></span> <span class='ocrx_word' id='word_1_178' title='bbox 1320 4153 1379 4191; x_wconf 90' lang='lat' dir='ltr'><strong>non</strong></span> <span class='ocrx_word' id='word_1_179' title='bbox 1393 4133 1479 4190; x_wconf 86' lang='lat' dir='ltr'><strong>habet</strong></span> 
     </span>
     <span class='ocr_line' id='line_1_30' title="bbox 435 4233 618 4309; baseline 0.011 -20"><span class='ocrx_word' id='word_1_180' title='bbox 435 4233 618 4309; x_wconf 85' lang='lat' dir='ltr'><strong>Epiphanius.</strong></span> 
     </span>
    </p>

    <p class='ocr_par' dir='ltr' id='par_1_12' title="bbox 475 4332 1045 4409">
     <span class='ocr_line' id='line_1_31' title="bbox 475 4332 1045 4409; baseline -0.002 -17"><span class='ocrx_word' id='word_1_181' title='bbox 475 4345 493 4393; x_wconf 73' lang='grc' dir='ltr'><strong><em>ε</em></strong></span> <span class='ocrx_word' id='word_1_182' title='bbox 514 4333 614 4391; x_wconf 82' lang='lat' dir='ltr'><strong>Codex</strong></span> <span class='ocrx_word' id='word_1_183' title='bbox 628 4332 788 4399; x_wconf 89' lang='lat' dir='ltr'><strong>Bobiensis,</strong></span> <span class='ocrx_word' id='word_1_184' title='bbox 803 4334 1045 4409; x_wconf 65' lang='lat' dir='ltr'><strong>obsequentiam.</strong></span> 
     </span>
    </p>

    <p class='ocr_par' dir='ltr' id='par_1_13' title="bbox 474 4426 974 4505">
     <span class='ocr_line' id='line_1_32' title="bbox 474 4426 974 4505; baseline 0 -19"><span class='ocrx_word' id='word_1_185' title='bbox 474 4426 491 4471; x_wconf 71' lang='lat' dir='ltr'><strong>h</strong></span> <span class='ocrx_word' id='word_1_186' title='bbox 513 4429 612 4487; x_wconf 87' lang='lat' dir='ltr'><strong>Codex</strong></span> <span class='ocrx_word' id='word_1_187' title='bbox 627 4429 786 4496; x_wconf 83' lang='lat' dir='ltr'><strong>Bobiensis,</strong></span> <span class='ocrx_word' id='word_1_188' title='bbox 798 4430 974 4505; x_wconf 79' lang='lat' dir='ltr'><strong>infrindebot.</strong></span> 
     </span>
    </p>

    <p class='ocr_par' dir='ltr' id='par_1_14' title="bbox 475 4522 1061 4590">
     <span class='ocr_line' id='line_1_33' title="bbox 475 4522 1061 4590; baseline -0.003 -8"><span class='ocrx_word' id='word_1_189' title='bbox 475 4522 484 4566; x_wconf 81' lang='lat'>¹</span> <span class='ocrx_word' id='word_1_190' title='bbox 506 4525 612 4583; x_wconf 88' lang='lat' dir='ltr'><strong>Melior</strong></span> <span class='ocrx_word' id='word_1_191' title='bbox 627 4526 733 4583; x_wconf 82' lang='lat' dir='ltr'><strong>Petavii</strong></span> <span class='ocrx_word' id='word_1_192' title='bbox 747 4527 850 4590; x_wconf 82' lang='lat' dir='ltr'><strong>versio,</strong></span> <span class='ocrx_word' id='word_1_193' title='bbox 869 4527 921 4583; x_wconf 82' lang='lat' dir='ltr'><strong>Vir</strong></span> <span class='ocrx_word' id='word_1_194' title='bbox 934 4526 1061 4582; x_wconf 75' lang='lat' dir='ltr'><strong>idastria.</strong></span> 
     </span>
    </p>

    <p class='ocr_par' dir='ltr' id='par_1_15' title="bbox 475 4612 1480 4698">
     <span class='ocr_line' id='line_1_34' title="bbox 475 4612 1480 4698; baseline -0.015 -16"><span class='ocrx_word' id='word_1_195' title='bbox 475 4618 493 4663; x_wconf 69' lang='lat'><strong>¹</strong></span> <span class='ocrx_word' id='word_1_196' title='bbox 514 4620 614 4681; x_wconf 83' lang='lat' dir='ltr'><strong>Codex</strong></span> <span class='ocrx_word' id='word_1_197' title='bbox 628 4622 787 4691; x_wconf 81' lang='lat' dir='ltr'><strong>Bobiensis,</strong></span> <span class='ocrx_word' id='word_1_198' title='bbox 800 4624 871 4683; x_wconf 74' lang='grc' dir='ltr'>εἰοιιι</span> <span class='ocrx_word' id='word_1_199' title='bbox 878 4641 933 4698; x_wconf 78' lang='lat' dir='ltr'><strong>per</strong></span> <span class='ocrx_word' id='word_1_200' title='bbox 945 4621 1086 4698; x_wconf 78' lang='lat' dir='ltr'><strong>epistolam</strong></span> <span class='ocrx_word' id='word_1_201' title='bbox 1097 4617 1261 4695; x_wconf 78' lang='lat' dir='ltr'><strong>promisisti.</strong></span> <span class='ocrx_word' id='word_1_202' title='bbox 1294 4612 1369 4670; x_wconf 82' lang='lat' dir='ltr'><strong>Vale.</strong></span> <span class='ocrx_word' id='word_1_203' title='bbox 1397 4612 1480 4669; x_wconf 82' lang='lat' dir='ltr'><strong>Hauc</strong></span> 
     </span>
    </p>
   </div>
   <div class='ocr_carea' id='block_1_9' title="bbox 0 0 1926 5692">
    <p class='ocr_par' dir='ltr' id='par_1_16' title="bbox 0 0 1926 5692">
     <span class='ocr_line' id='line_1_35' title="bbox 0 0 1926 5692; baseline 0 0"><span class='ocrx_word' id='word_1_204' title='bbox 0 0 1926 5692; x_wconf 95' lang='lat' dir='ltr'><strong> </strong></span> 
     </span>
    </p>
   </div>
  </div>
 </body>
</html>
