3817 5692
625 708 863 770 RESPONSA
890 707 957 802 AD
981 707 1240 769 EPISCOPOS.
1412 707 1477 770 257

431 879 572 967 quaudo
589 882 766 949 converti:
793 879 887 970 quod
906 903 986 949 cunr
1006 880 1167 959 fecerint,
1185 901 1254 948 non
1273 900 1333 947 eos
1354 878 1478 967 utique

430 1015 573 1064 necesse
590 1004 645 1063 est
662 994 790 1064 itemm
809 996 988 1086 baptizari.
1042 994 1240 1063 Potuerunt
1264 995 1371 1086 igitur
1387 993 1479 1061 acci·

430 1130 513 1198 pere
531 1109 755 1202 baptismum,
773 1121 810 1179 et
828 1111 1066 1180 remissionem
1089 1132 1159 1177 non
1177 1110 1337 1199 accipere
1355 1130 1477 1199 pecca-

430 1233 557 1304 tomm,
575 1234 639 1295 aut
661 1227 813 1295 remissis
837 1227 991 1317 peccetis
1008 1227 1176 1295 continuo
1194 1247 1312 1293 rursus
1330 1223 1476 1294 onerari.

429 1336 490 1406 Sic
508 1347 645 1430 ergoet
663 1339 827 1408 haeretici.

479 1449 608 1519 Victor
625 1474 646 1520 a
663 1451 739 1520 Gor
755 1452 865 1523 dixit:
894 1452 981 1523 Cum
994 1462 1134 1547 peccata
1152 1453 1293 1522 nonnisi
1310 1453 1347 1520 in
1359 1448 1550 1521 Ecca-cn·-
1562 1473 1586 1519 a

428 1567 493 1634 sia
509 1561 675 1657 baptismo
687 1567 917 1647 remittantur,
930 1570 990 1661 qai
1007 1567 1203 1638 tranaticum
1221 1568 1296 1636 sirie
1311 1564 1476 1659 baptismo

428 1679 477 1748 ad
502 1676 855 1750 fcomnrunicationem
881 1681 1042 1764 admittit,
1069 1692 1249 1775 atramque
1274 1689 1393 1752 contra
1418 1705 1476 1751 ra-

429 1794 553 1863 tionem
569 1792 675 1887 facit,
694 1818 754 1865 nec
775 1792 953 1866 iceneticos
973 1806 1111 1893 perpet,
1130 1804 1161 1865 et
1180 1794 1400 1869 Christianos
1423 1794 1476 1863 in-

429 1910 560 2000 quinat.

480 2025 577 2096 Huic
608 2028 866 2119 respondemus,
894 2028 1064 2099 Ecclesia
1090 2030 1303 2121 baptismum
1335 2049 1411 2098 esse
1438 2037 1476 2097 et

428 2144 521 2231 apud
549 2141 744 2226 baereticos‚
761 2144 921 2234 quumvis
946 2144 1011 2236 ipsi
1040 2165 1110 2212 non
1136 2143 1207 2212 siut
1233 2144 1268 2211 in
1297 2139 1474 2212 Ecclesia:

429 2257 520 2325 sicut
548 2280 673 2347 aquam
702 2259 849 2348 paradisi
878 2259 912 2327 in
936 2267 1029 2328 terra
1046 2258 1201 2350 AEgypti,
1219 2257 1378 2347 quamvis
1401 2257 1476 2347 ipsa

429 2392 500 2438 non
517 2371 564 2440 sit
581 2373 614 2440 in
635 2374 804 2463 paradiso,
858 2372 942 2443 Non
961 2376 1081 2465 itaque
1099 2372 1282 2444 haereticos
1299 2373 1374 2441 sine
1391 2372 1476 2462 bap·

429 2485 535 2555 tiemo
562 2486 606 2555 ad
638 2490 922 2556 communionem
954 2489 1195 2570 admittimus;
1222 2496 1259 2556 et
1289 2488 1371 2577 quie
1399 2509 1476 2556 cor-

429 2600 517 2669 recti
539 2623 561 2670 a
582 2623 645 2671 suc
663 2604 891 2693 perversitate
909 2603 1068 2683 veniunt,
1085 2624 1155 2670 non
1175 2624 1295 2670 eorum
1316 2611 1473 2691 peecata,

428 2717 490 2786 sed
520 2714 651 2785 Christi
681 2726 901 2786 sacramenta
930 2718 1159 2808 suscipimus:
1196 2718 1241 2784 de
1271 2717 1476 2785 remissione

428 2839 549 2900 autem
580 2841 805 2921 peecatorum
834 2831 926 2921 quod
956 2831 1124 2922 superius,
1150 2831 1216 2899 hoc
1243 2840 1280 2899 et
1306 2828 1363 2899 hic
1390 2829 1476 2900 dici·

430 2968 518 3015 mus.
584 2946 678 3015 Illud
714 2968 797 3015 sane
830 2945 923 3037 quod
960 2948 995 3015 iu
1030 2945 1157 3015 ultimo
1194 2946 1310 3036 posuit
1345 2945 1473 3024 dicens,

428 3070 609 3156 atrnnzque
633 3070 753 3132 contra
778 3062 944 3132 rationem
965 3060 1072 3157 facit,
1098 3085 1159 3132 nec
1187 3059 1364 3131 inretitos
1387 3084 1476 3154 pur-

423 3186 493 3273 pat,
512 3186 544 3247 et
562 3174 782 3250 Christianos
799 3178 960 3271 inquinat
970 3203 981 3255 ,·
1007 3180 1140 3269 respuit
1162 3178 1326 3269 primitus
1342 3201 1383 3247 ac
1400 3198 1474 3246 ma-

428 3295 525 3362 xime
538 3293 733 3385 Cyprianus
750 3294 825 3385 ipse
837 3316 918 3362 cum
937 3293 1003 3362 sibi
1017 3292 1317 3362 consentientibus
1330 3290 1475 3386 collegis

428 3411 517 3479 suis:
546 3411 773 3500 nequeenim
797 3410 971 3501 inquinari
997 3430 1035 3478 se
1061 3409 1220 3489 eredidit,
1237 3410 1378 3499 quando
1395 3408 1475 3477 tali·

428 3521 494 3591 bus
524 3533 668 3614 propter
694 3520 873 3591 vinculum
909 3523 1004 3614 pacis
1035 3522 1366 3591 communicandum
1397 3542 1474 3591 esse

428 3635 585 3707 decrevit
603 3637 731 3717 dicens,
749 3635 929 3707 Neminem
940 3636 1149 3729 judicantes,
1168 3645 1228 3706 ant
1250 3660 1272 3705 a
1284 3636 1369 3727 Jicre
1386 3660 1475 3707 conr-

428 3753 602 3821 mnnionis
615 3751 761 3846 aliquem
779 3753 811 3822 si
827 3752 999 3824 diensem
1016 3752 1160 3823 senserit
1172 3761 1369 3823 amoventes.
1396 3751 1475 3822 Aut

427 3866 455 3934 si
473 3866 659 3956 inquinant
676 3867 832 3937 haeretiei
853 3869 896 3938 ed
919 3870 1216 3950 communionem,
1235 3868 1285 3938 asi
1301 3890 1373 3936 non
1389 3867 1475 3959 bap·

428 3982 593 4063 ficantur,
623 3982 786 4064 admissi;
820 3983 1003 4074 inquinata
1032 3992 1087 4053 est
1117 3991 1193 4054 totu
1223 3982 1383 4053 Ecclesia
1411 4006 1493 4079 per·

428 4096 524 4166 iliam
556 4097 858 4180 consuetudinem,
890 4123 967 4190 quae
996 4102 1104 4170 toties
1133 4100 1191 4170 hic
1221 4122 1474 4170 commemora·

428 4222 496 4282 tur.
548 4213 600 4281 Et
624 4213 715 4283 sicut
739 4236 802 4283 nos
827 4215 884 4285 isti
915 4215 1095 4308 appellent
1120 4217 1304 4287 traditores
1330 4224 1474 4308 propter

470 4352 614 4422 ‘Quidam
628 4364 739 4411 veteres
752 4356 873 4422 codices,
889 4358 926 4413 ad
938 4358 1152 4414 communionem.
1182 4357 1241 4430 (lta
1254 4357 1366 4431 quidem
1381 4356 1471 4413 codex

427 4452 497 4509 aiter
511 4471 600 4515 meus.
616 4452 760 4510 sedatur
774 4453 955 4528 Cyprianus.)

468 4558 485 4601 8
499 4548 548 4605 Er.
564 4557 593 4604 et
608 4549 694 4605 MSS.
705 4551 776 4607 sient
790 4570 841 4607 non
856 4552 1034 4627 baptizantur.
1078 4552 1136 4624 (Ita
1147 4561 1176 4608 et
1189 4553 1266 4626 prior
1279 4551 1367 4608 codex
1382 4568 1471 4620 meus,

427 4646 503 4703 haud
517 4646 613 4715 bene.)

470 4746 538 4787 von.
555 4747 585 4787 v.
944 4727 985 4787 ul
