3817 5692
508 687 550 754 76
728 688 981 750 ARCHELAI
1014 688 1077 749 ET
1110 686 1329 749 MANETIS

505 859 713 955 Buprasion,
731 885 753 931 a
774 859 915 932 «Ioanne
942 884 1025 930 vero
1048 860 1107 930 lex
1131 862 1296 941 veritatis,
1324 859 1381 929 lex
1405 862 1553 950 promis-

505 980 656 1060 sionum,
680 977 739 1047 lex
765 977 942 1056 oaelorum,
969 977 1027 1046 lex
1054 976 1284 1046 annuntietur
1313 975 1467 1044 humano
1489 998 1551 1067 ge·

505 1096 580 1164 neri
598 1116 699 1165 nove.
751 1092 928 1185 Equidem
947 1095 1060 1164 donee
1077 1117 1148 1162 non
1166 1102 1242 1161 erat
1258 1093 1318 1183 qui
1337 1091 1551 1161 verissimam

505 1210 688 1278 scientiam
707 1210 854 1280 Domini
881 1211 991 1279 nostri
1009 1208 1096 1278 Jesu
1122 1209 1218 1277 vobis
1240 1207 1453 1288 ostenderet,
1471 1229 1553 1297 pee-

506 1331 626 1394 estum
644 1348 715 1393 non
734 1324 937 1395 habebatis:
965 1347 1058 1393 nuno
1083 1335 1204 1393 sutem
1227 1332 1265 1392 et
1283 1322 1418 1403 videtis,
1436 1329 1475 1391 et
1490 1345 1552 1391 au-

506 1440 600 1522 ditis,
622 1449 680 1510 ‘ot
706 1442 741 1510 in
770 1442 925 1512 insoitiss
950 1444 1002 1510 ire
1026 1439 1144 1521 vultis,
1170 1450 1212 1508 ut
1235 1439 1361 1532 legem,
1383 1462 1464 1529 quse
1489 1439 1550 1508 de·

506 1567 641 1628 structe
666 1568 720 1628 est
749 1567 786 1628 et
814 1559 950 1641 relicto,
978 1555 1096 1627 bsiout
1124 1556 1265 1637 Paulus,
1289 1558 1349 1648 qui
1370 1556 1463 1647 opud
1490 1577 1552 1623 vos

505 1673 771 1765 probatissimus
800 1675 960 1755 habetur,
987 1676 1038 1744 nit
1069 1676 1105 1742 in
1135 1674 1287 1763 quodam
1315 1671 1463 1763 epistola
1489 1693 1553 1740 suo

505 1787 573 1858 hoo
598 1790 715 1869 modo,
733 1787 795 1861 ¹Si
812 1791 903 1859 enim
921 1812 999 1882 qooe
1015 1787 1181 1868 destruet,
1199 1785 1273 1858 lraeo
1289 1788 1412 1857 iterum
1429 1783 1552 1855 reodi-

494 1900 581 1993 βου,
592 1903 898 1995 prevaricatorem
915 1927 968 1973 me
984 1903 1161 1973 constituo.
1215 1901 1296 1971 Hoo
1315 1912 1435 1971 autem
1453 1900 1551 1981 dicit,

505 2018 657 2109 gentiles
686 2041 746 2088 eos
769 2019 944 2110 judicans,
975 2027 1119 2109 propter
1148 2018 1241 2108 quod
1272 2018 1338 2087 snb
1367 2015 1552 2085 elementis

505 2133 629 2202 mundi
647 2143 775 2214 essent,
794 2136 997 2226 priusquam
1016 2135 1152 2204 veniret
1169 2132 1355 2225 plenitudo
1372 2132 1465 2212 fidei,
1477 2154 1552 2200 ere-

506 2248 630 2318 dentes
647 2249 684 2316 in
702 2248 790 2341 lege,
808 2258 846 2319 et
863 2246 1077 2341 prophetis².

556 2360 664 2431 XIV.
700 2361 857 2434 Jomcns
887 2384 1093 2446 mxnnnn'r,
1119 2364 1157 2436 Si
1189 2363 1274 2455 quid
1299 2363 1413 2434 adhuc
1440 2362 1552 2431 moni·

505 2475 630 2547 festius
655 2476 774 2559 hebes,
802 2481 859 2549 dio
889 2481 934 2549 de
960 2480 1132 2550 doetrinae
1160 2490 1231 2548 tuae
1259 2478 1376 2559 modo,
1404 2487 1441 2547 et
1469 2476 1549 2547 fidei

503 2593 621 2663 titulo.
675 2592 815 2666 Minos
839 2616 955 2677 n1xrr,
978 2594 1056 2688 Ego
1080 2595 1167 2664 duas
1192 2603 1335 2664 naturas
1359 2615 1435 2662 esse
1460 2592 1551 2673 dieo,

504 2731 612 2777 unam
640 2709 779 2792 bonam,
805 2722 842 2780 et
872 2710 1021 2782 alteram
1048 2710 1189 2792 melam,
1220 2720 1257 2779 et
1286 2732 1365 2780 sem
1397 2708 1550 2800 quidem,

504 2846 582 2914 quae
599 2824 692 2894 bono
712 2835 777 2908 est,
794 2827 830 2894 in
849 2826 1059 2916 quibusdam
1087 2826 1243 2917 portibus
1268 2825 1451 2906 habitam
1479 2845 1552 2891 mn·

503 2938 574 3008 lam
592 2961 675 3008 vero
693 2962 769 3009 esse
793 2951 867 3009 tom
885 2943 1058 3011 mundum
1076 2940 1182 3022 huno,
1200 2962 1306 3032 quom
1324 2940 1453 3020 omnin,
1470 2960 1552 3029 quae

502 3056 539 3122 in
557 3077 600 3123 eo
618 3065 709 3136 sunt,
728 3078 805 3147 quae
822 3058 919 3148 qussi
938 3057 1116 3149 ergastulo
1133 3057 1168 3126 in
1195 3066 1295 3147 parte
1318 3054 1463 3146 maligni
1488 3076 1550 3145 po-

503 3170 571 3238 sito
593 3178 685 3251 sunt,
702 3171 794 3240 siout
819 3173 871 3240 nit
890 3168 1057 3252 Joannes
1081 3168 1216 3242 ’Totus
1243 3168 1390 3241 mundus
1416 3170 1453 3238 io
1479 3192 1551 3239 mo-

502 3279 596 3377 lipoo
626 3292 677 3353 est
700 3286 856 3378 positio:
884 3296 922 3357 et
952 3311 1024 3357 non
1054 3289 1089 3357 in
1118 3286 1206 3357 Deo.
1260 3287 1453 3377 Propterea
1480 3287 1551 3354 duo

502 3396 581 3468 loca
598 3423 673 3470 esse
691 3402 856 3485 diximus,
874 3427 985 3473 onum
1014 3404 1157 3484 bonurn,
1175 3414 1214 3473 et
1230 3402 1350 3484 elium,
1368 3403 1427 3494 qui
1448 3413 1551 3472 extre

501 3511 608 3584 ⁴eum
626 3526 690 3596 est,
709 3526 749 3585 ut
767 3521 803 3588 in
820 3518 875 3590 his
892 3522 1047 3611 spotium
1065 3519 1208 3599 habens,
1227 3530 1344 3610 posset
1361 3518 1397 3586 in
1414 3539 1454 3587 se
1475 3539 1549 3586 sus-

502 3631 619 3721 cipere
645 3642 840 3705 oresturnm
866 3636 1002 3706 mundi.
1055 3634 1093 3705 Si
1117 3637 1213 3706 eninr
1235 3635 1385 3704 dicimus
1410 3655 1549 3702 monor·

501 3744 616 3814 chiam
636 3750 740 3818 unius
757 3760 899 3829 natum,
918 3759 956 3819 et
973 3752 1092 3820 omnio
1109 3749 1229 3820 Deum
1247 3749 1391 3840 replere,
1410 3759 1446 3817 et
1471 3748 1549 3817 nul·

501 3858 575 3928 lum
603 3883 678 3930 esse
704 3873 806 3934 extra
828 3889 910 3934 eum
935 3865 1065 3948 loonrn,
1091 3868 1169 3956 quis
1192 3867 1260 3934 erit
1284 3874 1453 3933 creature
1476 3885 1549 3931 sus-

501 3976 647 4063 ceptor?
674 3978 734 4046 nbi
752 3979 915 4071 gehenna
932 3981 1047 4073 ignis?
1074 3981 1133 4050 ubi
1159 3979 1314 4050 tenebrae
1331 3977 1549 4047 exteriores?

502 4089 561 4156 ubi
592 4090 723 4161 fletus?
753 4094 795 4163 ln
828 4097 902 4187 ipso
933 4097 1073 4166 dicam?
1101 4095 1227 4175 Absit;
1253 4095 1408 4186 alioquin
1440 4096 1547 4163 etiarn

542 4304 557 4334 ⁸
572 4294 664 4352 Locus
678 4311 846 4373 corruptus:
869 4301 952 4366 forte,
967 4311 993 4356 et
1015 4304 1127 4376 inficior.
1171 4303 1230 4375 [An
1245 4299 1438 4375 reponendum
1454 4307 1506 4362 est,
1521 4308 1548 4353 et

500 4391 603 4455 odistis,
618 4403 644 4447 e!
659 4395 686 4448 in
701 4397 838 4451 inscitiam
853 4399 896 4451 iro
910 4399 1002 4453 vultis.
1035 4399 1099 4455 Vid.
1115 4400 1198 4455 Joan.
1215 4419 1262 4455 xv.
1281 4399 1342 4471 24]

541 4482 655 4544 bDeest
669 4491 798 4556 sortasse,
814 4494 971 4555 observetis.
987 4495 1030 4550 vel
1046 4496 1112 4568 quid
1124 4495 1224 4551 simile.

515 4614 599 4671 'Gal
616 4617 705 4672 ii.18.
760 4619 952 4693 'lbid.ir.3.
1005 4623 1248 4696 ‘1Josn.v.1‹).
1295 4620 1530 4696 ⁴[AnDeumll
