3817 5692
654 712 898 776 RESPONSA
921 713 989 774 AD
1013 712 1276 777 EPISCOPOS.
1420 712 1485 778 287

437 907 541 975 quam
568 893 651 953 sunt
677 907 799 954 omnes
824 886 884 976 qui
910 886 1059 955 audiunt
1078 885 1185 955 verba
1204 883 1335 954 Christi
1354 894 1391 954 et
1414 907 1484 953 non

437 1000 580 1081 faciunt,
605 1001 723 1070 venire
748 1001 938 1090 coeperint;
966 1001 1026 1071 sed
1057 1023 1155 1071 sacra
1182 1009 1219 1069 et
1248 1000 1366 1070 divina
1393 999 1485 1070 lava-

436 1115 533 1184 tione
552 1116 627 1206 jam
652 1114 752 1196 lotos,
771 1125 857 1185 tunc
882 1124 1003 1185 autem
1031 1124 1068 1186 et
1095 1116 1229 1186 lumine
1247 1117 1331 1185 vitae
1354 1115 1485 1184 illumi·

436 1238 546 1311 natos,
565 1252 634 1299 non
657 1229 785 1311 hostes,
803 1230 865 1299 sed
889 1230 1062 1321 pacificos,
1081 1254 1162 1301 nam
1188 1232 1300 1323 iniqui
1326 1254 1396 1300 non
1423 1229 1484 1299 ha·

435 1344 522 1414 bent
547 1366 692 1435 pacom;
718 1368 789 1414 non
813 1345 954 1426 alienos,
973 1345 1033 1415 sed
1056 1346 1135 1415 fidei
1155 1344 1298 1415 Domini
1318 1345 1484 1416 domesti-

435 1481 505 1540 cos,
529 1482 611 1528 nam
642 1459 770 1549 iniquis
797 1459 933 1528 dictum
960 1468 1025 1541 est,
1043 1459 1231 1542 Quomodo
1256 1483 1424 1530 conversa
1445 1483 1621 1534 corma.

435 1575 471 1642 in
489 1575 759 1643 amaritudinem
775 1575 857 1644 vitis
874 1573 1012 1644 aliona?
1039 1597 1110 1643 non
1127 1575 1314 1657 adulteros,
1333 1577 1394 1646 sed
1413 1561 1532 1647 Dei²¹'

434 1687 534 1768 filios,
556 1710 636 1757 nam
663 1689 773 1779 iniqui
800 1697 884 1758 sunt
905 1688 969 1757 filii
995 1688 1147 1771 diaboli3
1173 1712 1242 1758 non
1269 1691 1403 1771 erroris,
1421 1691 1482 1761 sed

435 1801 557 1873 salutis
574 1803 729 1884 effectos,
748 1825 829 1873 nam
856 1826 926 1873 non
953 1803 1066 1873 salvat
1093 1804 1278 1895 iniquitas:
1305 1807 1340 1873 in
1361 1804 1483 1875 Eccle-

435 1919 522 1986 siam
540 1919 660 2011 recipi,
679 1919 715 1988 id
733 1927 798 2001 ost,
816 1920 852 1987 in
876 1918 974 1989 illam
1001 1928 1148 2010 petram,
1166 1920 1203 1988 in
1229 1919 1326 1989 illam
1350 1919 1484 1990 colum-

435 2032 527 2113 bam,
546 2034 581 2102 in
605 2032 706 2102 illum
732 2033 874 2102 hortum
903 2033 1107 2103 conclusum
1138 2042 1175 2102 ot
1203 2034 1338 2103 fontem
1366 2037 1484 2129 signa-

434 2155 521 2227 tum,
545 2148 605 2238 qui
635 2171 706 2217 non
736 2148 801 2216 nisi
833 2148 870 2216 in
900 2148 1029 2229 tritico,
1054 2171 1124 2217 non
1154 2156 1276 2218 autem
1305 2150 1342 2217 in
1373 2148 1482 2240 paleis

433 2263 645 2353 agnoscitur,
663 2263 737 2333 siva
754 2262 859 2356 longe
875 2286 897 2332 a
915 2272 1023 2333 vento
1046 2272 1260 2356 separentur,
1279 2266 1353 2334 sivo
1370 2287 1482 2356 usque

433 2377 478 2446 ad
504 2376 664 2447 ultimam
685 2378 952 2448 ventilationem
977 2379 1156 2448 frumento
1182 2379 1365 2449 commixti
1385 2380 1482 2450 vide-

432 2500 547 2561 antur.
601 2492 744 2562 Frustra
760 2515 844 2585 ergo
862 2492 1004 2563 Cassius
1019 2494 1165 2575 addidit,
1183 2492 1322 2588 Absque
1342 2492 1398 2565 Iris
1420 2497 1482 2590 qui

434 2605 471 2673 in
500 2603 657 2675 &cleric
680 2604 803 2698 fideles
833 2604 1055 2699 supplantati,
1083 2604 1131 2676 od
1158 2604 1299 2676 heresis
1329 2606 1481 2678 tenebrae

433 2720 657 2789 troruiercnt.
710 2719 747 2790 Si
773 2721 868 2789 enim
892 2729 930 2790 et
953 2722 1019 2813 ipsi
1044 2721 1089 2791 ab
1108 2720 1266 2791 Ecclesia
1282 2723 1479 2793 recedendo

433 2834 647 2926 baptismum
677 2836 877 2915 amiserant,
903 2837 1011 2906 etiam
1042 2836 1125 2928 ipsis
1155 2836 1340 2907 reddatur:
1367 2840 1396 2907 si
1418 2861 1480 2908 au-

432 2958 507 3019 tem
530 2973 600 3019 non
622 2951 820 3031 amiserant,
839 2952 933 3041 quod
956 2973 1102 3042 percos
1127 2950 1249 3021 datum
1276 2962 1331 3021 ost
1355 2975 1480 3045 agnos·

432 3074 540 3136 catur.

480 3180 584 3252 Alius
599 3181 788 3251 Januarius
813 3183 931 3252 avico
949 3182 1093 3252 Caesaris
1119 3181 1230 3251 dixit:
1257 3180 1302 3253 Si
1327 3204 1396 3252 oon
1421 3179 1604 3259 choran.

354 3323 361 3330 ·
431 3304 593 3390 temperat
616 3320 716 3368 error
732 3298 879 3378 ceritati,
897 3295 1003 3367 multo
1028 3296 1137 3393 muqis
1154 3298 1279 3367 veritus
1303 3320 1373 3367 non
1399 3321 1478 3368 eon-

429 3414 531 3481 sentit
547 3412 683 3483 errori:
712 3420 744 3482 et
760 3410 837 3482 ideo
854 3435 916 3483 eoo
932 3409 1100 3482 Ecclesia
1122 3410 1330 3494 adsistimus
1349 3412 1387 3481 in
1409 3436 1477 3506 qua

424 3527 660 3619 presidentes,
678 3535 717 3597 ut
738 3525 941 3619 baptismum
969 3527 1043 3618 ejus
1070 3526 1140 3619 ipsi
1164 3524 1230 3596 soli
1254 3524 1476 3611 vindicantes,

429 3664 484 3711 eor
502 3665 584 3735 quor
600 3640 757 3712 Ecclesia
774 3663 843 3711 noa
859 3638 1056 3733 baptizavit,
1073 3638 1292 3733 baptizalus.

480 3756 745 3848 Respondetur:
765 3756 863 3839 Quos
878 3755 1038 3826 Ecclesia
1054 3756 1221 3848 baptizat,
1235 3756 1360 3848 utique
1377 3767 1477 3849 petra

428 3870 489 3939 illa
514 3871 680 3962 baptizat,
704 3879 806 3939 extra
835 3892 941 3960 quam
973 3878 1055 3939 sunt
1085 3893 1207 3940 omnes
1237 3872 1297 3962 qui
1327 3871 1476 3942 audiunt

428 3983 534 4054 verba
551 3984 682 4054 Christi
700 3992 738 4053 et
761 4006 832 4052 non
851 3983 997 4053 faciunt.
1048 3983 1281 4077 Baptizentur
1298 4008 1381 4079 ergo
1399 3986 1476 4078 qui·

428 4120 580 4189 cumque
602 4123 623 4168 a
644 4098 775 4168 talibus
798 4098 967 4189 baptizati
991 4106 1083 4168 sunt.
1136 4099 1241 4182 Quod
1267 4102 1294 4170 si
1326 4123 1395 4170 non
1422 4101 1473 4180 fit,

427 4214 518 4282 siout
541 4214 578 4282 in
600 4213 684 4293 istis,
706 4213 757 4281 ita
782 4214 819 4281 in
844 4212 1018 4282 haereticis
1044 4212 1238 4305 baptismus
1255 4213 1396 4297 Christi,
1415 4239 1475 4285 eo-

426 4348 505 4396 rum
524 4328 710 4416 iniquitate
728 4338 766 4397 et
783 4328 1015 4420 perversitate
1033 4328 1199 4398 damnata
1216 4330 1289 4399 sive
1305 4338 1472 4411 correcta,

426 4440 668 4531 agnoscendus
685 4449 721 4509 et
737 4440 984 4533 approbandus
1002 4450 1067 4511 est.

477 4553 581 4624 Alius
600 4555 821 4625 Secundinus
842 4579 864 4626 a
880 4554 1004 4647 Carpis
1022 4556 1134 4626 dixit:
1160 4553 1332 4626 Hoeretiei
1350 4552 1545 4628 Chris-0¹1³·
1558 4581 1599 4629 rr·
