3817 5692
424 706 467 766 22
796 701 1100 766 ARCHELAUS.

425 882 445 909 “
460 874 536 936 lium
551 872 710 936 auditorio
724 872 914 957 loquebatur
927 872 1110 947 Archelaus,
1120 879 1157 935 ut
1172 893 1211 934 ex
1224 872 1253 953 ξ.
1264 871 1284 934 i.
1299 870 1469 955 fragmenti

426 984 445 1011 “
460 975 622 1059 cyrilliani
646 974 812 1059 colligitur.
859 973 909 1036 Illi
935 973 1034 1057 igitur
1058 972 1227 1057 affingetur
1252 972 1471 1036 contradicens

425 1085 444 1113 “
460 1076 575 1152 oratio,
597 1098 660 1161 qua
682 1084 777 1159 neget
799 1098 832 1139 se
855 1096 962 1138 coram
984 1073 1118 1138 ethnicis
1140 1074 1237 1157 loqui,
1261 1096 1340 1157 quos
1361 1082 1471 1137 tamen

426 1186 445 1213 “
461 1177 701 1262 disceptationis
711 1176 834 1260 judices
849 1176 987 1248 habeat;
1010 1175 1208 1259 affirmetque
1223 1197 1257 1239 se
1268 1197 1307 1239 ea
1321 1176 1472 1259 mysteria

426 1284 446 1313 “
462 1277 630 1362 explicare,
651 1277 690 1340 de
712 1275 826 1360 quibus
848 1274 982 1359 quaestio
1006 1274 1091 1337 nulla
1110 1280 1190 1337 erat.
1236 1273 1341 1352 Quum
1362 1273 1472 1357 itaque

427 1380 568 1456 “verba,
591 1381 737 1442 ταῦτατὸ
760 1376 917 1457 μυστήρια,
941 1375 1116 1440 certissime
1139 1375 1204 1439 sint
1229 1374 1345 1459 Oyrilli,
1371 1397 1471 1458 eaque

427 1489 446 1516 “
461 1502 533 1544 cum
544 1479 756 1564 superioribus
770 1477 948 1541 necessaria
958 1475 1152 1541 connexione
1163 1476 1400 1548 devinciantur;
1418 1498 1469 1539 ne

428 1581 598 1645 “cessario
622 1580 820 1662 parenthesis
847 1578 975 1643 initium
1000 1579 1032 1641 in
1058 1577 1119 1641 hoc
1147 1578 1216 1642 loco
1242 1577 1470 1641 collocavimus.

427 1691 449 1721 ‘⁶
466 1682 532 1746 Nec
544 1682 660 1746 morari
675 1704 734 1745 nos
745 1681 840 1745 debet
851 1680 1050 1766 parenthesis
1064 1680 1247 1764 longitudo:
1263 1701 1336 1743 nam
1352 1679 1471 1763 digres-

428 1794 447 1821 “
463 1784 566 1848 siones
591 1793 626 1849 et
649 1784 854 1868 parentheses
878 1782 1035 1866 longiores
1064 1781 1181 1865 Oyrillo
1204 1803 1269 1844 non
1297 1780 1469 1845 inusitatae.

428 1894 447 1922 “
465 1886 535 1950 Vid.
551 1885 666 1950 bareca.
678 1885 739 1948 xvi.
757 1890 780 1966 ς.
798 1905 845 1964 14,
863 1885 951 1947 Hom.
965 1884 1000 1946 ia
1009 1883 1124 1946 Paral.
1141 1888 1167 1964 ς.
1178 1882 1240 1946 viii.
1256 1905 1355 1967 usque
1370 1882 1412 1946 ad
1427 1880 1469 1943 xi.

428 1989 626 2050 “Praeterea
651 1986 701 2050 hae
725 1985 818 2048 unius
844 1984 1016 2071 Scriptura
1045 1985 1105 2048 loci
1134 1984 1307 2048 secundum
1331 1985 1472 2047 diversas

429 2098 448 2127 “
463 2089 639 2153 sententias
660 2087 896 2172 explicationes,
913 2089 982 2171 ejus
1004 2094 1079 2151 sunt
1094 2087 1222 2172 ingenii,
1241 2094 1278 2151 ut
1296 2087 1402 2150 videre
1422 2093 1472 2149 est

427 2200 448 2229 “
468 2191 584 2254 Oateel.
598 2190 670 2254 xvii.
689 2190 772 2273 §tp
788 2196 821 2253 et
841 2210 890 2266 10,
913 2190 1029 2253 Catali.
1043 2189 1107 2253 xiii.
1124 2190 1153 2271 ξ.
1170 2207 1219 2265 21,
1235 2195 1295 2252 cet.
1333 2188 1472 2251 Demum

428 2301 449 2332 ‘⁴
465 2314 561 2376 quam
581 2298 742 2376 postremo
756 2291 824 2355 loco
843 2291 944 2356 tradit
966 2291 1059 2377 hujus
1081 2290 1142 2354 loci
1164 2291 1470 2375 interpretationem,

429 2403 576 2477 “nempe
598 2393 738 2456 infirmos
756 2392 862 2456 oculos
884 2392 1065 2468 veritatum,
1086 2415 1165 2478 quas
1183 2414 1296 2477 capere
1315 2415 1378 2455 non
1398 2415 1470 2477 pos-

430 2506 449 2533 “
464 2502 550 2571 sunt,
565 2494 686 2579 fulgore
701 2494 844 2570 obtundi,
857 2494 1038 2558 continetur
1052 2494 1084 2557 in
1102 2515 1140 2557 ea
1155 2495 1277 2557 ratione
1293 2516 1388 2579 quam
1402 2495 1473 2557 red-

430 2607 449 2634 “
465 2597 547 2661 didit
562 2595 735 2659 Prooatech.
752 2598 781 2678 ξ.
795 2596 849 2658 xii.
871 2618 927 2659 cur
947 2596 1181 2659 catechumenis
1201 2596 1353 2679 mysteria
1372 2596 1473 2659 celen-

430 2709 449 2737 “
464 2709 537 2775 tur3
569 2698 643 2784 quia
671 2698 815 2762 videlicet
841 2705 970 2761 noceret
996 2697 1072 2783 ipsis
1097 2720 1203 2762 rerum
1228 2720 1307 2782 quas
1333 2698 1472 2760 nondum

429 2811 448 2838 ‘⁶
463 2822 576 2884 capere
590 2806 732 2885 possunt,
749 2799 916 2884 cognitio.''
962 2799 1129 2862 Hactenus
1144 2798 1191 2862 vir
1205 2799 1257 2863 ille
1272 2799 1394 2862 doctus.

472 2902 682 2966 Restituimus
704 2902 808 2966 van‘as
832 2902 864 2964 in
886 2901 996 2985 primis
1018 2900 1176 2978 lectiones,
1202 2923 1282 2986 quas
1305 2901 1347 2965 ad
1367 2900 1473 2985 capita

429 3004 450 3067 li
459 3003 535 3067 -lv.
590 3003 826 3087 Disputationis
851 3003 1003 3066 Archelai
1027 3025 1099 3066 cum
1123 3003 1266 3080 Manete,
1291 3025 1331 3067 ex
1356 3002 1470 3087 Regio·

429 3104 649 3167 Alexandrino
670 3104 776 3167 codice
791 3103 967 3188 descriptas
983 3105 1024 3167 ad
1045 3127 1109 3168 suae
1124 3105 1272 3169 editionis
1287 3105 1405 3168 calcem
1424 3126 1473 3168 re-

424 3203 504 3288 jecit
528 3206 714 3289 Zacagnius,
741 3205 801 3269 hac
826 3205 1068 3290 praefatiuncula
1091 3228 1166 3269 usus
1191 3206 1335 3283 (Oollect
1356 3207 1472 3269 Monu-

429 3311 527 3368 ment.
538 3314 600 3370 vet.
616 3328 686 3390 pag.
700 3308 795 3389 709):
822 3308 955 3386 Quum
967 3314 1040 3390 post
1055 3306 1174 3372 editam
1176 3306 1307 3391 ,inquit
1320 3307 1472 3371 Archelai

430 3406 732 3492 “disputationem'
724 3415 808 3471 mter
817 3407 932 3492 Regio
935 3408 1173 3472 Alexandrinos
1185 3409 1346 3473 Vaticana
1362 3410 1473 3474 biblio·

431 3516 449 3543 “
465 3508 567 3572 thecae
584 3508 708 3572 codices
730 3510 917 3595 reperissem
935 3510 1154 3594 apographum
1172 3510 1335 3595 cujusdam
1354 3519 1406 3576 vet
1409 3512 1472 3576 usti

431 3617 449 3646 “
466 3610 590 3687 codicis,
607 3611 659 3694 qui
683 3612 757 3674 olim
779 3613 821 3675 ad
843 3612 1071 3677 monasterium
1093 3613 1195 3676 sancti
1215 3612 1320 3689 Salvii,
1343 3614 1473 3678 Ambia-

430 3719 449 3747 “
464 3712 569 3775 nensis
583 3712 718 3776 fortasse
737 3713 876 3799 episcopi
898 3722 932 3779 et
954 3714 1114 3799 martyris,
1131 3715 1303 3799 pertinuit;
1327 3728 1360 3779 et
1382 3717 1414 3779 in
1435 3740 1473 3780 eo

430 3821 448 3849 “
464 3813 571 3877 codice
585 3836 736 3878 unacum
751 3816 852 3879 sancti
867 3815 1040 3901 Augustini
1056 3816 1306 3879 Commonitorio
1320 3817 1473 3881 adversus

430 3922 449 3950 ‘⁶
466 3914 662 3978 Manichaeos
691 3916 775 3980 inter
804 3917 944 3999 ejusdem
974 3916 1125 4000 epistolas
1154 3917 1251 3993 edito,
1281 3916 1474 3980 haberentur

430 4020 618 4097 “excerpta
647 4016 793 4099 quaedam
822 4039 862 4080 ex
893 4017 987 4080 Actis
1017 4016 1243 4100 disputationis
1274 4015 1422 4078 Archelai
1453 4037 1474 4078 a

431 4123 450 4150 ‘⁵
464 4136 532 4198 cap.
547 4115 578 4177 li.
593 4138 692 4200 usque
713 4119 754 4181 ad
768 4140 837 4202 cap.
853 4118 892 4180 lv.
910 4140 1017 4203 operae
1037 4118 1174 4202 pretium
1189 4117 1295 4182 consui
1312 4118 1416 4181 varias
1433 4140 1473 4181 ex

429 4224 450 4253 “
467 4217 576 4279 eodem
603 4221 787 4305 apographo
815 4219 966 4283 lectiones
991 4220 1096 4297 edere,
1124 4242 1219 4304 quum
1246 4220 1386 4304 ipsorum
1413 4241 1474 4304 ope

431 4327 452 4357 “
468 4319 613 4403 quaedam
634 4321 783 4384 Archelai
803 4321 873 4384 loca
892 4320 1135 4385 restituantur.”
1182 4323 1261 4384 llaec
1276 4320 1335 4384 ille.
1382 4320 1474 4404 Ejus-

429 4420 513 4483 modi
540 4428 647 4485 autem
674 4422 778 4487 varias
807 4423 966 4497 lectiones,
994 4422 1079 4486 haud
1110 4444 1185 4485 sane
1215 4422 1474 4496 contemnendas,

428 4521 515 4584 aliud
534 4543 631 4606 agens
651 4523 805 4606 praeteriit
822 4523 996 4598 Fabricius,
1013 4523 1059 4586 vir
1078 4529 1185 4586 cetera
1205 4522 1349 4607 diligens,
1363 4522 1396 4584 in
1416 4543 1474 4584 suo

430 4623 593 4707 Spicibpio
618 4635 787 4688 maumas
810 4627 944 4689 Palmam
966 4624 1070 4688 scendi
1089 4647 1133 4687 nr.
1160 4645 1290 4708 operum
1315 4622 1471 4707 Hippoly-
