3817 5692
739 683 1048 746 DISPUTATIO.
1348 684 1408 752 l'il

368 858 492 930 stunt?
534 857 638 941 Quod
657 857 764 927 etiarn
789 856 816 926 si
843 856 903 926 ille
920 879 1026 926 ausus
1042 866 1097 925 est
1115 857 1241 938 dicere,
1258 856 1320 926 illo
1338 858 1413 949 ipso

369 974 557 1064 potentior,
576 984 638 1043 aut
664 973 775 1064 major
801 994 876 1041 esse
902 993 1008 1039 nemo
1033 980 1163 1062 potest,
1180 972 1240 1062 qui
1263 972 1418 1041 ostendit

369 1087 471 1156 uobis
506 1095 666 1167 matrem,
699 1094 761 1156 ant
797 1086 923 1155 fratres
956 1106 1057 1165 su0s;
1094 1085 1171 1155 'sed
1202 1094 1239 1154 et
1271 1082 1417 1155 Davidis

369 1196 468 1271 desse
485 1225 555 1271 nou
574 1202 741 1294 dignatur
757 1201 890 1271 audire.
941 1197 1137 1291 Apostolus
1155 1197 1284 1269 Petrus
1302 1196 1417 1269 Disci-

370 1316 533 1407 pulorum
575 1318 733 1387 omnium
774 1316 1074 1387 eminentissimus
1108 1323 1194 1383 tunc
1227 1335 1417 1407 agnoscere

370 1453 451 1499 eum
482 1431 617 1523 potuit:
654 1454 736 1502 cum
767 1430 896 1525 singuli
927 1431 1109 1522 opiniones
1139 1451 1228 1513 suas,
1256 1451 1343 1521 quas
1372 1429 1417 1497 de

370 1550 445 1639 ipso
470 1548 659 1629 habebant,
677 1555 890 1638 promerent,
908 1548 970 1626 ait,
988 1543 1064 1615 'To
1087 1567 1121 1614 es
1140 1542 1302 1618 Christus
1314 1542 1417 1637 filius

369 1659 442 1731 Dei
457 1661 539 1745 viui,
564 1672 602 1732 et
628 1662 749 1732 statim
779 1661 958 1731 beatificat
984 1684 1067 1730 eum
1094 1661 1225 1743 diceus,
1245 1658 1417 1749 Querulum

369 1775 530 1849 revelavit
554 1775 617 1849 tibi
639 1774 748 1847 Pater
771 1798 863 1846 meus
888 1773 1041 1846 celestis.
1094 1774 1189 1847 Vide
1215 1785 1347 1866 quauta
1371 1775 1417 1846 sit

370 1891 568 1961 differentia
584 1912 718 1972 eorum,
736 1911 816 1979 quae
833 1889 878 1959 ab
891 1889 980 1960 Iesu
998 1888 1216 1960 dictasunt?
1244 1889 1302 1960 Illi
1321 1891 1415 1961 enim

370 2009 430 2098 qui
449 2007 596 2089 dixerat,
614 2004 704 2076 Ecce
720 2013 829 2075 orator
846 2001 1012 2099 tuosoris
1028 2013 1105 2084 stet,
1122 2006 1312 2097 respondit,
1331 2004 1418 2095 Qua

370 2120 458 2193 milti
474 2132 523 2194 cst
540 2131 658 2204 nram,
675 2118 911 2214 autsrutres?
948 2120 991 2190 Ei
1018 2130 1137 2190 autem
1160 2121 1220 2211 qui
1238 2122 1339 2204 dixit,
1362 2119 1416 2193 Tu

369 2262 404 2309 es
435 2236 597 2313 Christus
615 2236 720 2331 filius
749 2235 821 2307 Dei
850 2236 929 2318 vivi,
952 2236 1223 2320 beatitudinem,
1251 2236 1416 2308 benedie-

370 2353 573 2443 tionemque
596 2352 763 2422 restituit.
815 2350 853 2421 si
872 2373 956 2444 ergo
974 2352 1019 2420 de
1038 2348 1155 2420 Maria
1172 2349 1223 2420 vis
1240 2373 1316 2421 esse
1333 2373 1416 2422 eum

370 2478 504 2550 natum,
527 2470 701 2539 mentitur
727 2467 802 2559 ipse
829 2488 911 2536 cum
938 2465 1067 2547 Petro;
1094 2466 1121 2535 si
1147 2476 1268 2536 autem
1293 2490 1415 2537 verum

370 2583 455 2653 dicit
474 2582 609 2663 Petrus,
629 2581 703 2653 sine
729 2580 837 2651 dubio
863 2580 923 2650 ille
950 2582 1043 2672 prior
1066 2580 1204 2650 fefellit.
1255 2580 1361 2664 Quod
1387 2584 1415 2652 si

371 2700 464 2791 prior
474 2698 725 2779 fefellit,causa
734 2697 779 2767 ad
790 2696 996 2789 scriptorem
1008 2695 1272 2787 rejiciendaest.
1292 2696 1414 2768 Unum

370 2815 478 2908 igitur
487 2813 669 2885 Christum
683 2835 747 2882 uos
764 2811 894 2882 scimus
906 2833 981 2881 esse
994 2810 1187 2881 secundum
1201 2809 1416 2903 Apostolum

371 2931 534 3011 Paulum,
552 2929 651 3021 cujus
668 2928 813 2999 vocibus
836 2927 1011 2998 credimus
1034 2927 1307 2998 consonantibus
1327 2930 1416 2999 dun-

370 3058 470 3118 taxat
487 3046 653 3117 adventui
671 3045 756 3137 ejus.

419 3161 604 3235 XLVIII.
631 3161 700 3233 His
724 3161 856 3232 auditis
878 3160 991 3230 turbae
1009 3167 1176 3251 permotae
1193 3169 1285 3239 sunt,
1305 3159 1415 3231 veluti

370 3281 544 3351 rationem
580 3277 738 3349 veritatis
772 3275 1047 3357 continentibus,
1081 3283 1118 3344 et
1153 3272 1330 3345 Archelao
1365 3274 1416 3345 nil

369 3396 535 3481 habente,
554 3395 649 3487 quod
672 3393 727 3463 his
752 3401 870 3486 posset
895 3412 1093 3483 opponere;
1119 3389 1187 3459 hoc
1208 3390 1303 3459 enirn
1326 3390 1416 3461 indi·

369 3511 463 3580 cavit
489 3508 677 3592 tumultus,
703 3509 763 3599 qui
793 3508 886 3576 iuter
915 3528 976 3577 eos
1006 3514 1152 3576 exortus
1181 3506 1317 3590 fuerat;
1353 3508 1415 3578 sed

369 3647 450 3695 eum
478 3624 673 3695 multitudo
700 3624 968 3716 conquievisset,
989 3619 1187 3691 Archelaus
1214 3620 1282 3692 hoc
1308 3625 1415 3693 modo

368 3739 561 3831 respondit.
600 3738 711 3811 Vocis
728 3739 872 3830 quidem
891 3737 1036 3807 Domini
1054 3737 1163 3807 nostri
1177 3735 1264 3807 Jesu
1283 3736 1414 3809 Christi

369 3856 486 3927 nullus
517 3859 647 3950 poterit
676 3879 752 3928 esse
783 3856 971 3948 potentior,
997 3855 1026 3925 si
1056 3878 1170 3947 neque
1198 3878 1326 3926 nomen
1352 3856 1415 3927 ali-

369 3973 462 4062 quod
487 3973 621 4065 aequale
646 3974 679 4043 ei
705 3994 781 4044 esse
807 3972 996 4053 invenitur,
1014 3968 1185 4064 ³Prcpter
1207 3969 1300 4064 quod
1317 3970 1415 4044 Deus

368 4112 441 4158 eum
470 4086 642 4171 ecaltuvit,
667 4095 699 4158 et
723 4084 863 4158 donavit
887 4084 943 4157 illi
967 4108 1098 4169 mmet,
1125 4083 1217 4179 quod
1239 4095 1415 4182 estsuper

367 4226 465 4275 omne
495 4227 640 4283 nomen:
666 4226 782 4296 neque
807 4204 843 4271 in
874 4202 1078 4273 testimonio
1104 4203 1182 4293 quis
1207 4201 1350 4293 aequalis
1380 4205 1412 4274 ei

630 4436 645 4481 ‘¹
661 4438 824 4497 casinensis
839 4438 929 4496 codex
946 4438 1043 4495 David
1053 4438 1139 4495 Iesse.

428 4610 435 4633 ¹
453 4600 659 4673 Mat.uii.4r.
782 4601 878 4657 'Mat
894 4600 951 4657 xvi.
970 4601 1015 4656 16.
1137 4604 1146 4633 ¹
1162 4598 1262 4673 Philip.
1278 4598 1304 4653 ii.
1320 4615 1347 4672 9.

865 4713 919 4759 Η
