3817 5692
433 705 497 770 236
799 707 830 767 S.
849 703 1119 768 AUGUSTINI

432 878 495 961 dit,
512 877 579 949 sibi
597 877 693 949 tollit.
748 877 876 950 Censeo
898 879 1013 971 itaque
1023 874 1157 969 flebiles
1174 885 1206 946 cl
1222 874 1356 947 tabidos
1375 873 1496 947 luere·

433 997 516 1067 ticos
533 993 755 1089 baptizandos
779 1019 848 1064 csse
874 1019 947 1065 carn
973 993 1020 1064 ad
1035 992 1225 1064 Ecclesiam
1244 993 1361 1063 venire
1380 1016 1496 1087 caepe-

432 1110 516 1191 rinl,
536 1105 582 1180 ‘at
603 1133 704 1180 sacra
721 1119 752 1180 ct
768 1109 890 1180 dicimo
906 1108 1078 1179 lavatione
1094 1106 1189 1189 lotos,
1208 1116 1239 1177 al
1254 1105 1390 1177 lamine
1408 1107 1496 1178 vitoe

433 1224 655 1312 illuminatos,
673 1249 742 1295 riom
764 1224 883 1307 lcostcs,
901 1223 962 1294 secl
982 1223 1155 1319 pacc'ficos,
1173 1246 1241 1293 moa
1264 1219 1409 1302 alienos,
1428 1222 1497 1294 sed

422 1340 513 1433 fidei
526 1339 673 1411 Domini
690 1339 899 1422 domesticos,
917 1362 985 1409 noa
1004 1336 1206 1420 secatam,
1220 1334 1281 1407 sed
1291 1335 1364 1407 Dei
1371 1335 1491 1430 filios,

432 1478 501 1524 aaa
527 1456 668 1537 erroris,
692 1454 753 1524 secl
776 1453 897 1524 salectis
924 1451 1063 1548 effectae,
1082 1452 1120 1521 ia
1136 1450 1329 1522 Ecclesiam
1346 1451 1490 1545 recipi:

432 1566 555 1663 absque
571 1566 627 1639 lis
644 1569 705 1662 qai
722 1566 787 1639 hdo
802 1567 961 1639 Ecclesia
967 1566 1091 1662 fideles
1107 1566 1329 1661 supplantati,
1346 1565 1398 1635 ad
1413 1564 1492 1637 lcoe-

431 1687 519 1755 oesis
536 1682 688 1755 tenebras
706 1685 916 1754 transierant
926 1709 937 1763 ;
964 1682 1025 1753 secl
1046 1706 1101 1753 cos
1118 1706 1185 1776 pcc
1202 1705 1323 1752 macrus
1339 1683 1493 1775 imposi-

433 1801 557 1870 tionem
575 1797 810 1870 restituendos,

483 1916 608 1986 Posset
631 1915 720 1986 alius
738 1917 874 1986 dicere:
901 1916 995 1985 Cum
1014 1914 1144 1985 Christi
1172 1915 1384 2006 baptismata
1410 1914 1490 1984 duo

431 2054 507 2101 esse
537 2054 607 2099 non
638 2031 783 2121 possint,
811 2030 872 2121 qui
903 2030 1032 2120 iniquis
1062 2030 1275 2120 baptismum
1305 2028 1487 2108 concedit,

431 2144 496 2213 sibi
524 2144 628 2213 tollit.
682 2143 754 2213 Sed
782 2144 967 2214 nobiscum
994 2145 1101 2214 etiam
1130 2144 1188 2213 isti
1214 2144 1415 2212 resisterent
1442 2152 1488 2211 et

431 2259 608 2327 dicerent:
636 2257 873 2327 Concedimus
898 2259 1028 2349 iniquis
1054 2258 1289 2349 baptismum
1315 2256 1375 2347 qui
1407 2279 1486 2327 non

432 2373 494 2442 'ab
512 2373 593 2464 ipsis
620 2368 683 2454 est,
702 2374 794 2442 sicut
811 2373 988 2463 iniquitas,
1006 2373 1067 2442 sed
1090 2396 1111 2442 a
1131 2372 1272 2443 Christo
1298 2372 1397 2463 cujus
1423 2383 1486 2442 est

430 2488 584 2578 aequitas,
603 2497 640 2555 et
665 2488 765 2578 cujus
795 2495 1055 2557 sacramentum
1082 2488 1190 2557 etiam
1218 2488 1310 2578 apud
1339 2487 1485 2578 iniquos

430 2625 500 2671 non
527 2612 582 2672 est
609 2603 780 2694 iniquum.
832 2602 936 2685 Quod
966 2626 1051 2696 ergo
1074 2603 1257 2672 nobiscum
1280 2603 1325 2672 de
1349 2603 1485 2694 iniquis

429 2718 596 2800 dicerent,
615 2718 682 2787 hoc
699 2717 765 2786 sibi
784 2718 828 2786 de
845 2718 1017 2787 haereticis
1037 2719 1166 2788 dicant.
1218 2716 1268 2788 Et
1285 2719 1365 2788 ideo
1381 2722 1485 2809 quod

429 2832 587 2923 sequitur
613 2834 664 2902 ita
692 2834 808 2924 potius
839 2842 914 2902 erat
944 2832 1153 2903 dicendum:
1193 2831 1329 2903 Censeo
1356 2835 1484 2925 itaque

430 2945 565 3016 flebiles
594 2956 631 3016 et
660 2948 798 3017 tabidos
828 2947 1011 3017 haereticos
1042 2973 1112 3017 non
1144 2949 1370 3040 baptizandos
1400 2973 1484 3020 esse

429 3083 510 3130 cum
539 3061 583 3130 ad
611 3060 807 3132 Ecclesiam
836 3063 955 3132 venire
983 3065 1162 3154 coeperint,
1189 3065 1217 3131 si
1245 3063 1376 3133 habent
1399 3064 1484 3154 jam

428 3175 643 3266 baptismum
662 3176 805 3258 Christi,
827 3177 888 3246 sed
914 3201 936 3247 a
961 3201 1024 3248 sua
1049 3178 1278 3268 perversitate
1303 3179 1485 3270 corrigen-

429 3290 501 3360 dos.
554 3290 649 3359 Nam
684 3292 791 3360 etiam
823 3292 867 3361 de
901 3293 1031 3385 iniquis
1066 3293 1134 3363 dici
1170 3302 1297 3381 potest,
1327 3316 1481 3383 quorum

428 3408 544 3496 portio
570 3415 654 3475 sunt
677 3404 850 3476 haeretici:
878 3407 1016 3478 Censeo
1034 3410 1153 3499 itaque
1177 3406 1311 3478 flebiles
1328 3418 1365 3477 et
1387 3410 1484 3479 tabi-

428 3522 491 3589 dos
515 3522 663 3611 iniquos,
687 3522 715 3590 si
736 3522 813 3612 jam
841 3522 1010 3615 baptizati
1038 3533 1133 3608 sunt,
1151 3547 1222 3592 non
1249 3523 1483 3614 baptizandos

428 3656 504 3703 esse
522 3657 603 3704 cum
621 3635 665 3704 ad
684 3635 892 3718 Ecclesiam,
906 3637 941 3705 id
960 3646 1024 3717 est,
1042 3638 1086 3706 ad
1104 3637 1203 3706 illam
1221 3646 1356 3728 petram
1375 3649 1483 3711 extra

468 3770 556 3830 snm.
571 3783 601 3830 et
615 3774 787 3847 antiquiores
802 3774 889 3832 MSS.
906 3785 936 3832 at
950 3794 1040 3831 encra.
1085 3775 1157 3848 (Sed
1179 3776 1242 3832 cod.
1258 3785 1375 3849 uterque
1396 3795 1481 3835 meus

427 3888 491 3924 cum
507 3871 650 3944 Cypriano
665 3879 800 3944 prestant
815 3873 865 3943 et.)

467 3967 583 4022 tNova
608 3966 744 4042 Cypriani
771 3967 867 4030 editio,
891 3988 943 4025 reon
967 3969 1142 4025 adulterinos.
1186 3967 1244 4025 Sed
1266 3969 1355 4025 nostri
1377 3988 1481 4027 omnes

426 4061 490 4117 libri
514 4070 688 4126 constanter,
711 4081 762 4118 noa
785 4064 931 4120 adulteros.
975 4065 1084 4122 Alludit
1101 4065 1217 4121 Cassius
1238 4065 1274 4120 ad
1294 4064 1362 4121 illud
1385 4065 1479 4123 Hebr.

426 4157 474 4214 xii.
491 4157 518 4212 8.
548 4158 624 4231 Erpa
645 4158 774 4223 adulteri,
788 4168 814 4214 et
836 4178 887 4216 ooo
901 4161 960 4233 filii
981 4164 1055 4217 estis.
1099 4162 1267 4234 (irrepserat
1288 4161 1317 4215 in
1339 4160 1480 4218 Fellinam

427 4252 561 4328 Cypriani
576 4254 730 4310 editionem
745 4274 799 4310 vox
815 4256 1008 4324 adulterinos.)

466 4348 567 4406 hhov.
583 4351 610 4406 ia
625 4350 762 4406 Ecclesia.
805 4352 845 4406 At
865 4353 931 4409 Am.
957 4355 1006 4410 Er.
1029 4362 1058 4410 et
1083 4355 1214 4412 meliores
1236 4352 1323 4410 MSS.
1345 4360 1377 4408 ut
1401 4358 1481 4426 apud

427 4448 610 4521 Cyprianum,
632 4447 665 4501 dc
678 4446 824 4502 Ecclesia:
847 4449 898 4504 sed
922 4450 994 4507 iufra
1017 4461 1112 4508 tamen
1134 4452 1162 4507 in
1184 4451 1337 4525 Augustini
1358 4468 1479 4524 respon-

427 4544 505 4598 sione
520 4543 624 4606 ferunt,
641 4543 668 4597 in
683 4542 820 4599 Ecclcsia.
