3817 5692
750 698 1061 761 DISPUTATIO.
1366 700 1428 768 195

381 871 485 941 vicini
516 866 632 940 “ultra
666 869 854 963 Strangam
884 869 1046 951 fluvium,
1077 872 1242 962 quoniam
1273 879 1310 941 et
1344 880 1427 941 ante

382 997 522 1079 tempus
542 995 708 1056 venerant
732 987 876 1078 quidam
901 988 946 1056 ad
971 987 1220 1078 requirendum
1246 1009 1340 1068 eum,
1359 1011 1429 1080 quo

382 1123 555 1193 nusquam
585 1111 734 1193 reperto,
766 1103 1015 1184 discesserant3
1046 1109 1121 1172 erat
1151 1104 1246 1171 enim
1276 1111 1362 1172 tunc
1392 1105 1429 1172 in

383 1215 467 1307 fuga
484 1217 708 1286 constitutus.
760 1216 851 1287 Cum
870 1240 955 1310 ergo
972 1216 1050 1287 haeo
1067 1218 1119 1286 ita
1135 1214 1333 1287 Archelaus
1350 1242 1431 1310 pro-

384 1330 539 1414 didisset,
557 1333 726 1402 continuo
751 1353 789 1401 se
814 1334 852 1402 in
875 1333 997 1425 fugam
1022 1333 1121 1401 dedit
1138 1330 1277 1414 Manes,
1295 1343 1332 1403 et
1349 1357 1430 1405 eva·

384 1444 467 1513 dere
485 1448 613 1537 potuit,
630 1447 736 1516 edum
753 1470 859 1516 nemo
876 1469 959 1516 eum
976 1448 1231 1537 insequeretur.

434 1558 506 1630 Sed
531 1561 694 1653 populus,
712 1583 793 1631 oum
811 1560 992 1646 Archelai,
1009 1584 1117 1652 quem
1134 1560 1287 1634 libenter
1311 1564 1431 1635 audie·

386 1673 482 1755 bant,
500 1674 671 1744 relatione
688 1682 879 1755 teneretur,
899 1676 1041 1766 quidam
1058 1683 1178 1746 tamen
1196 1678 1318 1748 crebre
1340 1679 1432 1747 inse-

386 1789 459 1858 cuti
490 1797 573 1858 sunt
600 1798 679 1880 past
702 1812 795 1859 eum.
847 1787 918 1858 Sed
945 1788 1006 1860 ille
1029 1790 1111 1871 rias,
1130 1791 1257 1880 quibus
1274 1803 1429 1873 venerat,

385 1912 558 1993 repetens,
576 1904 726 1973 transito
749 1902 856 1973 fluvio
881 1906 925 1974 ad
949 1902 1141 1974 Arabionis
1167 1905 1351 1976 castellum
1377 1931 1431 1977 re-

385 2015 460 2097 diit,
495 2017 555 2086 ubi
594 2025 717 2108 postea
750 2018 1034 2109 comprehensus,
1070 2017 1209 2088 oblatus
1243 2027 1297 2089 est
1332 2021 1429 2113 regi3

385 2131 515 2221 quique
540 2130 691 2222 plurima
715 2132 880 2202 adversus
902 2155 984 2202 eum
1011 2132 1253 2225 indignatione
1275 2156 1432 2203 commo·

386 2253 453 2325 tus,
484 2246 571 2316 duas
599 2255 732 2316 mortes
760 2247 798 2315 in
827 2269 908 2316 eum
935 2245 1113 2316 vindicare
1142 2248 1298 2338 cupiens,
1323 2273 1430 2319 unam

385 2359 460 2443 tilii,
477 2359 623 2431 alteram
643 2363 834 2446 carcerarii,
845 2362 952 2453 jussit
973 2384 1056 2431 eum
1082 2370 1165 2432 ante
1191 2374 1329 2454 port-am
1347 2366 1432 2435 civi·

387 2475 471 2544 tatis
496 2476 715 2545 excoriatum
740 2477 924 2567 suspeudi3
950 2484 989 2545 et
1014 2475 1144 2568 pellem
1170 2479 1255 2568 ejus,
1279 2479 1432 2549 medica·

386 2590 517 2660 mentis
533 2590 712 2671 infectam,
730 2589 864 2674 inflari3
891 2612 1013 2660 carnes
1026 2613 1108 2659 vero
1126 2586 1339 2661 ‘volucribus
1357 2593 1431 2662 dari

380 2707 497 2797 jussit.
550 2706 686 2789 Quibus
711 2716 834 2797 postea
859 2706 997 2799 agnitis,
1014 2704 1212 2775 Archelaus
1237 2709 1367 2798 adjecit
1390 2732 1433 2778 ea

373 2820 493 2913 'priori
520 2823 777 2913 disceptationi,
802 2832 844 2891 ut
870 2821 1033 2890 omuibus
1059 2821 1305 2903 innotesceret,
1326 2824 1432 2893 'sicut

388 2959 464 3029 ego,
484 2937 545 3027 qui
562 2937 730 3027 inscripsi,
747 2938 784 3005 in
802 2936 975 3027 prioribus
992 2936 1149 3027 exposui.
1202 2935 1432 3029 Congregatis

389 3052 497 3145 igitur
522 3052 685 3121 omnibus
710 3050 918 3122 Christianis
944 3052 1026 3121 ferri
1055 3051 1221 3121 adversus
1247 3074 1328 3120 eum
1355 3075 1434 3122 sen·

389 3167 539 3236 tentiam
570 3165 711 3258 placuit,
739 3166 850 3236 veluti
884 3166 1063 3260 epilogum
1097 3167 1273 3257 quendam
1303 3168 1432 3237 &morti

430 3437 497 3497 dut
522 3441 568 3497 hie
591 3441 734 3516 praecisius
759 3442 873 3516 lmperii
900 3442 1022 3497 Romani
1045 3441 1136 3505 limes,
1161 3442 1275 3516 quinum
1301 3443 1433 3499 Archelai

389 3545 482 3601 aetate.
497 3546 526 3594 et
540 3537 632 3593 Probo
646 3538 802 3612 imperante
816 3548 902 3603 esset,
916 3537 1092 3612 designatur.

429 3634 528 3690 eCod.
544 3633 610 3691 Vat.
633 3636 696 3690 dam
718 3654 750 3691 oe
771 3655 829 3691 eum
853 3636 1036 3710 insequeretur
1058 3636 1082 3691 ir
1101 3635 1229 3710 populus,
1251 3643 1277 3691 et
1294 3636 1434 3701 Archelai,

389 3749 464 3805 quem
488 3730 602 3788 libenter
620 3732 772 3796 audiebant,
795 3733 925 3788 relatione
946 3740 1108 3789 teneatur.
1151 3732 1234 3798 Mox,
1255 3734 1359 3798 crebro,
1373 3752 1434 3808 pro,

389 3826 490 3883 crebre.
534 3828 620 3883 Paulo
642 3836 716 3903 post,
738 3838 856 3896 emerat,
876 3837 1010 3904 repelare,
1033 3829 1150 3886 transito
1164 3830 1251 3905 fluuio
1269 3830 1437 3887 Adrabioois

389 3923 481 3979 rediit.
525 3924 597 3979 Vide
611 3942 648 3979 au
661 3924 815 3998 legendum
829 3926 874 3991 ait,
889 3927 1027 4000 repedans.
1074 3926 1153 3999 [For.
1168 3927 1358 3990 scribendum,
1373 3929 1435 3984 dam

390 4037 464 4074 nemo
479 4037 537 4074 eum
551 4021 741 4094 iaoeqamrar,
756 4022 807 4077 sed
815 4022 935 4096 popalus
944 4023 1090 4094 Archelai]

429 4110 499 4171 fln
526 4115 571 4171 hia
595 4114 698 4179 verbis,
724 4115 875 4172 volucribus
901 4116 964 4171 dori
983 4117 1081 4189 jussit,
1107 4116 1211 4173 desinit
1238 4119 1434 4193 apographum

389 4212 721 4287 Regio-Alexandrinum
734 4212 914 4269 Vaticanum.
958 4213 1043 4285 (Vide
1057 4231 1142 4288 supra
1155 4232 1222 4289 pag.
1242 4217 1303 4287 22.)

430 4319 447 4363 Β
461 4310 556 4374 Forte,
572 4313 669 4367 mortis
682 4310 749 4384 aas.
784 4309 924 4382 (Firmant
936 4310 999 4366 haee
1012 4310 1162 4366 concilium
1176 4311 1434 4386 Mesopotamieum

389 4406 557 4478 productum
583 4407 618 4463 ab
642 4408 769 4465 Auctore
792 4407 895 4465 Libelli
915 4407 1054 4482 Syrodici,
1080 4405 1127 4480 qui
1152 4425 1237 4479 supra
1261 4408 1362 4464 allatus
1389 4417 1435 4465 est

529 4598 536 4620 ¹
556 4592 657 4665 [Cous.
672 4594 808 4670 Zacagnii
824 4594 1018 4651 Praefationem
1033 4610 1121 4667 pugg.
1136 4607 1165 4667 5,
1180 4602 1210 4650 et
1228 4594 1289 4667 16.]

869 4708 916 4748 cd
933 4706 951 4753 2
976 4711 979 4716 '
