3817 5692
485 712 551 776 108
716 706 970 773 ARCHELAI
994 705 1058 769 ET
1084 702 1304 767 MANETIS

538 883 730 956 XXVIII.
749 882 888 953 Mirm
900 878 1285 970 olxrr‚Tuimetipsius
1297 877 1426 948 indicio
1439 897 1535 946 com-

487 1001 680 1096 prehensus
696 1022 745 1070 es.
790 996 882 1067 Haec
899 996 993 1066 enim
1012 996 1199 1067 adversum
1216 1003 1253 1063 te
1270 993 1419 1072 locutus,
1436 993 1535 1085 igno-

487 1137 555 1203 res,
565 1118 651 1209 quie
663 1115 750 1185 dum
767 1114 803 1183 in
817 1134 876 1181 me
889 1112 941 1181 vis
954 1110 1082 1203 probra
1094 1110 1277 1202 conjicere,
1290 1109 1414 1201 mejeri
1424 1107 1536 1200 culpae

487 1232 697 1304 succumbis
748 1229 818 1300 Dic
843 1250 909 1320 age
935 1225 1034 1313 mihi,
1053 1227 1093 1308 si,
1118 1236 1159 1296 ut
1184 1224 1535 1317 nis,quia'1'iberio

487 1370 600 1441 usque
626 1346 671 1416 ad
693 1344 851 1416 Probum
877 1341 1036 1413 defuncti
1061 1350 1157 1423 sunt,
1185 1342 1305 1413 dicent
1329 1342 1374 1412 ad
1399 1339 1536 1421 Jesum,

487 1463 559 1534 noli
586 1484 650 1532 nos
669 1461 842 1553 judicare,
859 1460 943 1551 quie
968 1480 1074 1550 opere
1099 1466 1162 1527 tua
1187 1480 1259 1527 non
1283 1458 1442 1539 fecimus,
1466 1478 1536 1524 non

489 1579 586 1649 enim
611 1577 737 1647 misisti
762 1575 865 1645 nobis
882 1572 1108 1653 Peraolitum,
1125 1575 1222 1643 tcum
1240 1572 1371 1643 dixeris
1395 1580 1433 1643 te
1455 1572 1538 1641 mis-

489 1713 632 1775 surum3
668 1712 740 1761 non
773 1689 889 1759 multo
923 1690 1036 1782 magis
1069 1686 1120 1758 iili
1154 1687 1228 1758 haec
1262 1688 1393 1770 dicent,
1422 1686 1482 1777 qui
1515 1707 1538 1754 e

490 1807 621 1902 Moyse
643 1829 756 1899 usque
778 1807 824 1877 ed
852 1806 1045 1877 adventum
1068 1805 1176 1896 ipsius
1197 1802 1285 1874 Jesu
1311 1802 1442 1873 Christi
1465 1802 1538 1869 vite

490 1930 728 2005 excesserunt,
749 1930 807 1992 ¹eo
824 1931 863 1992 et
886 1922 1017 1991 rectius
1043 1921 1173 2001 dicent,
1193 1918 1285 1990 unoli
1314 1942 1376 1989 nos
1399 1916 1538 1988 tradere

489 2041 689 2123 tormentis,
705 2040 873 2131 quoniam
898 2037 1116 2131 agnitionem
1139 2037 1193 2105 tui
1218 2060 1289 2106 non
1315 2032 1537 2128 occepimus?

490 2153 540 2225 Et
562 2177 634 2224 non
656 2153 772 2224 solum
796 2152 845 2235 hi,
862 2153 922 2245 qui
941 2162 1026 2223 ente
1042 2153 1151 2245 ipsius
1172 2153 1364 2224 adventurn
1382 2151 1538 2221 decesse-
1661 2212 1666 2218 .

490 2278 584 2352 runt,
595 2270 678 2361 jure
697 2268 772 2339 haec
789 2267 941 2361 ellegere
959 2268 1196 2340 ridebuntur?
1222 2290 1345 2337 rernm
1362 2266 1471 2336 etiem
1487 2263 1538 2334 illi

491 2386 553 2478 qui
581 2386 628 2458 ab
654 2383 773 2456 Adam
803 2407 914 2477 usque
944 2383 990 2455 ed
1019 2384 1214 2456 adventum
1238 2383 1327 2455 Jesu
1352 2380 1539 2453 obierunt?

493 2500 625 2593 Neque
644 2499 811 2571 Paracliti
834 2501 931 2571 enim
958 2501 1142 2570 scientium
1160 2500 1344 2570 consecuti
1370 2506 1463 2580 sunt,
1480 2520 1541 2567 ne-

491 2640 563 2710 que
588 2616 678 2688 Jesu
706 2616 867 2688 doctrina
896 2617 1025 2687 eruditi
1056 2627 1150 2687 sunt.
1201 2614 1297 2686 ¹Sed
1327 2613 1396 2685 hoc
1425 2613 1540 2684 solum

492 2732 660 2803 ultimum
679 2754 791 2825 genus
814 2731 1010 2813 hominum,
1027 2740 1068 2802 ut
1088 2733 1150 2814 eis,
1167 2731 1262 2824 qnod
1278 2753 1302 2800 a
1317 2729 1458 2799 Tiberio
1475 2736 1540 2811 est,
1595 2769 1598 2773 ·

491 2845 692 2928 solventur3
716 2846 793 2937 ipse
809 2846 906 2915 enim
919 2843 1012 2916 ¹Eoo
1025 2842 1187 2919 Christus
1203 2842 1246 2915 de
1262 2840 1441 2913 maledieto
1457 2840 1541 2938 leqis

492 2959 644 3042 redemit,
662 2963 754 3031 sicut
773 2960 905 3032 Paulus
922 2962 1168 3033 testimonium
1185 2960 1295 3045 dedit,
1312 2958 1424 3049 ³Quia
1439 2957 1541 3029 litera

492 3229 566 3274 rans,
581 3211 644 3286 quia
663 3211 724 3267 dum
740 3229 783 3267 me
798 3214 841 3268 vie
856 3211 963 3287 probra
977 3212 1118 3285 conjicere,
1130 3212 1229 3285 mojori
1241 3213 1327 3289 ccipe
1339 3231 1369 3267 ee
1381 3211 1539 3269 succumbit.

492 3308 551 3364 Dic
572 3326 623 3383 uqe
644 3308 711 3364 miii
729 3309 845 3378 studius,
860 3328 912 3384 quc
927 3306 1036 3366 merto
1054 3327 1137 3385 usque
1151 3310 1189 3366 ud
1201 3308 1323 3366 Probum
1337 3309 1457 3383 des'ucti
1469 3316 1540 3371 sunt,

494 3405 583 3461 dicent
603 3406 640 3462 ud
652 3406 757 3473 Iesum,
779 3407 862 3464 nolite
883 3426 933 3464 noe
946 3408 1085 3480 judicare.
1127 3407 1192 3463 Nos
1213 3414 1257 3463 tot
1279 3407 1392 3473 menda,
1406 3413 1541 3481 quantum

493 3520 545 3578 per
558 3504 736 3579 conjecturas
749 3505 838 3572 licuit,
852 3505 1017 3581 abstergere
1031 3504 1125 3562 consti
1140 3523 1245 3561 sumus.

535 3598 547 3641 ῑ
562 3600 699 3665 Verbum,
709 3602 864 3667 mmmmm,
873 3612 972 3660 nostra
985 3611 1029 3660 est
1043 3602 1160 3667 additio,
1169 3621 1234 3660 cum
1248 3601 1277 3658 in
1289 3601 1437 3659 casinensi
1451 3600 1540 3668 deeit;

494 3704 524 3753 et
542 3714 609 3754 sene
623 3715 723 3754 vocem
744 3699 830 3767 ssiam,
845 3699 891 3756 vel
914 3698 982 3775 quid
1006 3699 1096 3757 simile
1119 3699 1157 3756 ibi
1182 3700 1302 3758 deficere
1326 3700 1388 3775 ipse
1408 3697 1543 3756 orationis

494 3793 582 3850 series
596 3795 730 3852 ostendit.

536 3900 553 3931 ¹¹
568 3892 602 3947 In
618 3890 767 3949 casinensi
780 3899 833 3957 est,
844 3894 900 3949 noli
913 3902 1009 3950 nostru
1023 3895 1056 3950 de
1069 3895 1218 3959 tormentis,
1233 3894 1311 3951 nullo
1325 3912 1419 3958 sensu,
1433 3893 1496 3958 nisi,
1511 3901 1543 3950 ut

495 3987 602 4044 editum
617 3998 669 4053 est,
684 3990 851 4064 corrigetur.

538 4098 551 4127 ¹
568 4085 602 4141 ln
617 4086 712 4143 codice
728 4087 878 4144 casinensi
892 4088 933 4145 sic
946 4088 1064 4164 legitur,
1079 4086 1136 4146 Sed
1153 4090 1203 4146 hoc
1219 4088 1305 4147 solum
1323 4088 1446 4146 ultimum
1462 4107 1544 4164 qenes

495 4181 637 4247 dominum,
653 4192 683 4240 ut
696 4204 752 4249 eae,
765 4186 868 4259 quoda
884 4185 993 4242 Tiberio
1011 4194 1061 4252 eet,
1075 4186 1222 4244 solventur.
1264 4185 1328 4243 Nos
1349 4194 1444 4243 eutem
1458 4184 1544 4241 verbu

494 4274 552 4345 ills,
565 4288 596 4334 ot
609 4299 662 4344 eut,
678 4281 856 4357 interpretati
878 4300 977 4339 sumus
996 4290 1026 4339 ut
1044 4283 1095 4348 oie,
1109 4284 1240 4358 exemplo
1262 4283 1378 4340 ulterius
1399 4283 1454 4339 loci
1471 4281 1545 4338 infru

496 4393 557 4449 cup.
573 4394 620 4449 30.
644 4378 691 4433 ubi
712 4387 742 4435 ut
762 4398 803 4442 us.
818 4398 870 4453 pro
884 4388 914 4436 ut
927 4380 980 4444 cis,
995 4381 1049 4447 vel,
1066 4391 1096 4437 ut
1113 4382 1253 4446 moerim
1272 4380 1387 4438 librun‘o
1407 4378 1545 4455 scriptum

496 4471 592 4537 fuisse,
608 4493 692 4531 sensu
706 4475 768 4549 ipso
782 4489 926 4550 poscente,
938 4479 1117 4554 conjecimus.

497 4620 505 4644 ¹
525 4616 603 4689 [For.
618 4621 811 4694 reponendum
826 4630 871 4679 est
884 4624 932 4696 ei]
1006 4624 1094 4680 ¹Ga1.
1109 4624 1145 4680 iii.
1165 4643 1173 4680 ι
1181 4642 1209 4698 3.
1277 4630 1285 4659 ⁵
1301 4642 1317 4680 2
1334 4622 1402 4679 Cor.
1418 4621 1455 4679 iii.
1472 4622 1499 4688 6,
1517 4639 1544 4695 7.
