3817 5692
452 724 518 791 256
820 727 852 788 S.
870 726 1141 790 AUGUSTINI

453 917 517 964 nos
544 897 687 964 omnino
713 896 908 987 pertineat3
935 897 964 964 si
990 905 1111 964 autem
1137 895 1324 965 traditores
1344 895 1508 977 fuerunt,

454 1012 545 1080 sicut
562 1012 624 1101 ipsi
645 1011 777 1089 dicunt,
794 1011 844 1079 sic
861 1010 904 1078 ad
923 1033 989 1080 nos
1005 1032 1074 1079 non
1094 1010 1259 1101 pertinet,
1271 1012 1511 1100 quemadmo-

455 1125 540 1194 dum
557 1148 623 1194 nec
640 1125 684 1194 ad
702 1147 765 1194 nos
783 1146 848 1193 nec
864 1124 909 1193 ad
927 1125 1020 1215 ipsos
1037 1123 1088 1193 illi
1106 1125 1397 1216 praevaricatores.
1447 1122 1509 1195 Ac

456 1264 518 1332 per
534 1239 600 1309 hoc
622 1240 787 1330 quoniam
813 1262 858 1307 ex
885 1240 1057 1329 majorum
1085 1248 1285 1308 nostrorum
1312 1241 1508 1330 iniquitate

455 1355 592 1424 nullum
622 1366 677 1424 est
707 1355 838 1423 crimen
870 1362 1041 1435 nostrum,
1069 1377 1113 1423 ex
1142 1355 1282 1445 proprio
1312 1354 1508 1424 schismate
1577 1421 1586 1446 ,

455 1486 592 1540 certum
610 1482 665 1539 est
681 1470 814 1538 crimen
831 1467 985 1538 illomm.

506 1585 625 1653 Satius
641 1607 663 1652 a
680 1580 850 1652 Sicilibba
871 1583 983 1652 dixit:
1009 1579 1054 1653 Si
1078 1579 1250 1652 hereticis
1271 1583 1310 1650 io
1335 1578 1508 1674 baptismo

454 1721 517 1768 suo
538 1706 679 1791 peccata
707 1697 890 1779 donantur,
907 1700 983 1767 sine
1012 1719 1133 1767 caussa
1162 1695 1210 1765 od
1230 1694 1420 1767 Ecclesiam
1451 1719 1508 1767 ve·

455 1814 566 1883 siunt.
621 1810 713 1882 Nam
743 1835 818 1882 cum
850 1813 887 1881 io
916 1811 974 1882 die
993 1809 1126 1903 judicii
1154 1819 1290 1902 peccota
1322 1811 1392 1879 sint
1426 1833 1511 1902 quoe

450 1929 659 2021 puniuntur,
677 1923 769 1995 mihil
793 1932 842 1994 cst
867 1924 959 2017 quod
982 1925 1101 1993 timere
1121 1925 1257 2017 possim
1283 1921 1438 1993 haeretici
1465 1923 1509 1994 de

446 2040 585 2134 judico
603 2037 748 2120 Chresti,
768 2042 801 2109 si
825 2048 905 2109 sont
926 2046 1144 2132 peccatorum
1167 2039 1398 2109 remissionem
1425 2062 1508 2110 com-

457 2155 573 2224 secuti.

509 2267 557 2337 Et
574 2265 647 2337 haec
664 2277 803 2360 poterat
820 2269 929 2338 etiam
952 2279 1073 2340 nostra
1089 2292 1166 2339 esse
1187 2269 1380 2339 sententia:
1407 2267 1509 2337 vide·

457 2382 503 2451 rit
519 2391 638 2451 autem
656 2395 781 2453 auctor
803 2386 879 2475 ejus
905 2408 976 2475 quo
1001 2386 1119 2454 animo
1147 2384 1242 2454 dicta
1267 2383 1323 2451 sit.
1376 2380 1509 2452 Verbis

458 2507 576 2566 tamen
594 2498 645 2567 ita
661 2499 863 2568 modificata
880 2507 946 2579 est,
964 2508 1092 2566 utnon
1114 2521 1172 2567 me
1190 2499 1308 2590 pigeat
1326 2518 1368 2566 eo
1386 2496 1509 2565 animo

457 2615 656 2683 consentire
672 2623 780 2705 atque
797 2614 1025 2694 subscribere,
1044 2635 1115 2704 quo
1133 2623 1170 2683 et
1192 2636 1258 2705 ego
1282 2613 1396 2682 sentio
1419 2610 1511 2702 bap—

459 2729 605 2798 tismum
628 2729 770 2820 quidem
793 2727 923 2799 Christi
949 2727 1136 2798 haereticos
1161 2750 1261 2819 posse
1287 2726 1426 2807 habere,
1444 2725 1510 2796 sed

459 2843 699 2914 remissionem
728 2853 954 2934 peccatorum
982 2865 1051 2911 non
1079 2842 1219 2912 habere.
1275 2840 1358 2910 Non
1382 2849 1511 2910 antem

459 2957 520 3037 ait,
547 2956 584 3027 si
613 2958 767 3027 haeretici
796 2957 979 3049 baptizant
1004 2967 1067 3027 aut
1092 2959 1337 3048 baptizantur:
1363 2955 1436 3035 sed,
1463 2952 1515 3026 Si

459 3070 640 3152 hereticis,
662 3074 788 3163 inquit,
812 3073 850 3141 im
876 3070 1042 3167 baptismo
1068 3096 1130 3143 sco
1155 3079 1293 3166 peccota
1320 3069 1513 3152 donantur,

458 3188 533 3255 sine
550 3209 669 3256 caussa
686 3183 734 3255 cd
744 3185 934 3257 Ecclesiam
952 3187 1102 3258 certium.
1157 3186 1253 3257 Nam
1272 3188 1300 3255 si
1318 3208 1381 3277 pro
1399 3184 1514 3254 haere·

459 3301 538 3370 ticis
562 3324 731 3392 ponamus
757 3301 835 3371 illos
857 3324 945 3392 quos
968 3303 1005 3370 in
1023 3299 1183 3371 Ecclesia
1200 3309 1345 3369 noverat
1363 3298 1515 3390 Cypria·

459 3437 537 3497 nus,
555 3415 685 3485 saeculo
703 3416 817 3486 verbis
840 3415 932 3496 solis,
956 3427 994 3486 et
1020 3439 1090 3485 non
1116 3416 1218 3486 factis
1244 3415 1514 3498 renuntiantes3

459 3532 607 3600 totidem
629 3532 742 3600 verbis
759 3555 943 3622 possumus
961 3531 1051 3602 hanc
1072 3534 1286 3602 senteutiam
1310 3532 1418 3601 etiam
1444 3552 1515 3603 nos

459 3644 637 3713 verissime
658 3645 797 3727 dicere,
823 3645 861 3714 Si
880 3644 1054 3714 fallaciter
1070 3646 1246 3714 conversis
1269 3644 1304 3711 in
1332 3643 1516 3733 baptismo

459 3780 522 3827 suo
547 3768 693 3849 peccata
718 3759 902 3840 donantur,
921 3760 997 3827 sine
1017 3780 1140 3828 caussa
1162 3759 1207 3826 ad
1225 3779 1344 3828 veram
1362 3777 1517 3826 conver-

458 3873 592 3942 sionem
610 3884 733 3965 postea
749 3875 1000 3965 perducuntur.
1045 3875 1138 3942 Nam
1158 3896 1237 3942 cum
1257 3874 1293 3941 in
1312 3873 1369 3941 die
1380 3871 1516 3962 judicii

458 3995 605 4075 peccata
634 3988 704 4056 sint
732 4010 808 4078 quae
835 3988 1041 4079 puniuntur,
1063 3986 1151 4056 nihil
1177 3997 1232 4056 est
1259 3985 1351 4077 quod
1379 3985 1516 4056 timere

458 4102 603 4190 possint,
622 4104 681 4191 qui
708 4101 838 4171 saeculo
857 4103 971 4171 verbis
997 4102 1078 4172 solis
1101 4111 1138 4171 et
1164 4125 1233 4170 non
1252 4102 1355 4171 factis
1378 4121 1517 4170 renun-

458 4215 602 4297 tiarunt,
622 4216 667 4285 de
686 4217 821 4307 judicio
839 4216 981 4297 Christi,
999 4219 1027 4287 si
1051 4229 1132 4286 sunt
1158 4218 1397 4286 remissionem
1425 4238 1517 4306 pec-

457 4337 617 4398 catorum
648 4332 837 4400 consecuti.
890 4330 961 4400 Sed
991 4334 1058 4401 ista
1085 4332 1306 4401 ratiocinatio
1333 4329 1393 4399 tali
1422 4353 1517 4402 con-

458 4444 611 4512 nexione
637 4445 826 4535 perficitur,
849 4454 889 4513 ut
916 4446 1148 4538 adjungamus
1174 4447 1342 4525 dicentes,
1362 4441 1518 4519 Debent

458 4564 578 4625 autem
607 4557 733 4627 timere
751 4558 881 4628 Christi
902 4561 1089 4649 judicium,
1108 4572 1145 4629 et
1169 4560 1283 4627 veraci
1310 4558 1414 4626 corde
1442 4558 1517 4630 ali-
