<?xml version="1.0" encoding="UTF-8"?>
<!DOCTYPE html PUBLIC "-//W3C//DTD XHTML 1.0 Transitional//EN"
    "http://www.w3.org/TR/xhtml1/DTD/xhtml1-transitional.dtd">
<html xmlns="http://www.w3.org/1999/xhtml" xml:lang="en" lang="en">
 <head>
  <title>
</title>
<meta http-equiv="Content-Type" content="text/html;charset=utf-8" />
  <meta name='ocr-system' content='tesseract 3.04.00' />
  <meta name='ocr-capabilities' content='ocr_page ocr_carea ocr_par ocr_line ocrx_word'/>
</head>
<body>
  <div class='ocr_page' id='page_1' title='image "./reliquiaesacrae02routgoog_0291.png"; bbox 0 0 3817 5692; ppageno 0'>
   <div class='ocr_carea' id='block_1_1' title="bbox 643 670 1476 739">
    <p class='ocr_par' dir='ltr' id='par_1_1' title="bbox 643 670 1476 739">
     <span class='ocr_line' id='line_1_1' title="bbox 643 670 1476 739; baseline -0.001 -2"><span class='ocrx_word' id='word_1_1' title='bbox 643 673 886 739; x_wconf 86' lang='lat' dir='ltr'>RESPONSA</span> <span class='ocrx_word' id='word_1_2' title='bbox 912 673 977 734; x_wconf 87' lang='lat' dir='ltr'>AD</span> <span class='ocrx_word' id='word_1_3' title='bbox 1001 672 1264 737; x_wconf 87' lang='lat' dir='ltr'>EPISCOPOS.</span> <span class='ocrx_word' id='word_1_4' title='bbox 1411 670 1476 737; x_wconf 71' lang='lat'>267</span> 
     </span>
    </p>
   </div>
   <div class='ocr_carea' id='block_1_2' title="bbox 425 842 1602 4271">
    <p class='ocr_par' dir='ltr' id='par_1_2' title="bbox 425 842 1476 1288">
     <span class='ocr_line' id='line_1_2' title="bbox 425 842 1476 935; baseline -0.007 -16"><span class='ocrx_word' id='word_1_5' title='bbox 425 851 548 919; x_wconf 90' lang='lat' dir='ltr'>odium</span> <span class='ocrx_word' id='word_1_6' title='bbox 568 851 612 918; x_wconf 92' lang='lat' dir='ltr'>de</span> <span class='ocrx_word' id='word_1_7' title='bbox 629 850 735 918; x_wconf 85' lang='lat' dir='ltr'>corde</span> <span class='ocrx_word' id='word_1_8' title='bbox 753 847 920 928; x_wconf 89' lang='lat' dir='ltr'>dimittit;</span> <span class='ocrx_word' id='word_1_9' title='bbox 945 844 1117 935; x_wconf 92' lang='lat' dir='ltr'>numquid</span> <span class='ocrx_word' id='word_1_10' title='bbox 1136 842 1373 914; x_wconf 85' lang='lat' dir='ltr'>ecclesiastico</span> <span class='ocrx_word' id='word_1_11' title='bbox 1390 842 1476 935; x_wconf 80' lang='lat' dir='ltr'>bap-</span> 
     </span>
     <span class='ocr_line' id='line_1_3' title="bbox 428 957 1473 1053; baseline -0.005 -22"><span class='ocrx_word' id='word_1_12' title='bbox 428 964 533 1034; x_wconf 88' lang='lat' dir='ltr'>tismo</span> <span class='ocrx_word' id='word_1_13' title='bbox 562 963 751 1033; x_wconf 84' lang='lat' dir='ltr'>intercedit</span> <span class='ocrx_word' id='word_1_14' title='bbox 780 986 843 1053; x_wconf 91' lang='lat' dir='ltr'>pro</span> <span class='ocrx_word' id='word_1_15' title='bbox 872 961 1069 1041; x_wconf 87' lang='lat' dir='ltr'>homicidis,</span> <span class='ocrx_word' id='word_1_16' title='bbox 1096 968 1158 1029; x_wconf 89' lang='lat' dir='ltr'>aut</span> <span class='ocrx_word' id='word_1_17' title='bbox 1187 957 1267 1027; x_wconf 89' lang='lat' dir='ltr'>illos</span> <span class='ocrx_word' id='word_1_18' title='bbox 1290 958 1407 1048; x_wconf 89' lang='lat' dir='ltr'>justos</span> <span class='ocrx_word' id='word_1_19' title='bbox 1436 967 1473 1027; x_wconf 89' lang='lat' dir='ltr'>et</span> 
     </span>
     <span class='ocr_line' id='line_1_4' title="bbox 427 1071 1475 1169; baseline -0.008 -21"><span class='ocrx_word' id='word_1_20' title='bbox 427 1103 492 1149; x_wconf 85' lang='lat' dir='ltr'>nos</span> <span class='ocrx_word' id='word_1_21' title='bbox 518 1079 712 1150; x_wconf 90' lang='lat' dir='ltr'>homicidas</span> <span class='ocrx_word' id='word_1_22' title='bbox 737 1077 845 1148; x_wconf 74' lang='lat' dir='ltr'>faciti</span> <span class='ocrx_word' id='word_1_23' title='bbox 886 1075 967 1146; x_wconf 81' lang='lat' dir='ltr'>H&#39;oc</span> <span class='ocrx_word' id='word_1_24' title='bbox 995 1100 1079 1169; x_wconf 87' lang='lat' dir='ltr'>ergo</span> <span class='ocrx_word' id='word_1_25' title='bbox 1103 1076 1208 1145; x_wconf 88' lang='lat' dir='ltr'>etde</span> <span class='ocrx_word' id='word_1_26' title='bbox 1233 1073 1405 1144; x_wconf 86' lang='lat' dir='ltr'>haereticis</span> <span class='ocrx_word' id='word_1_27' title='bbox 1421 1071 1475 1141; x_wconf 89' lang='lat' dir='ltr'>iu·</span> 
     </span>
     <span class='ocr_line' id='line_1_5' title="bbox 426 1193 577 1288; baseline 0.007 -25"><span class='ocrx_word' id='word_1_28' title='bbox 426 1193 577 1288; x_wconf 84' lang='lat' dir='ltr'>telligat.</span> 
     </span>
    </p>

    <p class='ocr_par' dir='ltr' id='par_1_3' title="bbox 428 1300 1602 1745">
     <span class='ocr_line' id='line_1_6' title="bbox 479 1300 1602 1399; baseline -0.01 -21"><span class='ocrx_word' id='word_1_29' title='bbox 479 1307 665 1378; x_wconf 87' lang='lat' dir='ltr'>Geminius</span> <span class='ocrx_word' id='word_1_30' title='bbox 682 1308 845 1377; x_wconf 83' lang='lat' dir='ltr'>aFumis</span> <span class='ocrx_word' id='word_1_31' title='bbox 863 1307 974 1377; x_wconf 84' lang='lat' dir='ltr'>dixit:</span> <span class='ocrx_word' id='word_1_32' title='bbox 998 1305 1148 1396; x_wconf 80' lang='lat' dir='ltr'>Quidam</span> <span class='ocrx_word' id='word_1_33' title='bbox 1162 1304 1204 1376; x_wconf 83' lang='lat' dir='ltr'>de</span> <span class='ocrx_word' id='word_1_34' title='bbox 1216 1302 1351 1399; x_wconf 80' lang='lat' dir='ltr'>collepis</span> <span class='ocrx_word' id='word_1_35' title='bbox 1367 1300 1549 1372; x_wconf 72' lang='lat' dir='ltr'>licere-cn.</span> <span class='ocrx_word' id='word_1_36' title='bbox 1562 1332 1602 1382; x_wconf 79' lang='lat'>²³·</span> 
     </span>
     <span class='ocr_line' id='line_1_7' title="bbox 428 1418 1476 1515; baseline -0.005 -25"><span class='ocrx_word' id='word_1_37' title='bbox 428 1419 513 1490; x_wconf 83' lang='lat' dir='ltr'>ticos</span> <span class='ocrx_word' id='word_1_38' title='bbox 539 1444 741 1515; x_wconf 72' lang='lat' dir='ltr'>proponere</span> <span class='ocrx_word' id='word_1_39' title='bbox 765 1418 832 1491; x_wconf 79' lang='lat' dir='ltr'>sibi</span> <span class='ocrx_word' id='word_1_40' title='bbox 856 1429 1012 1514; x_wconf 72' lang='lat' dir='ltr'>possunt,</span> <span class='ocrx_word' id='word_1_41' title='bbox 1033 1419 1130 1491; x_wconf 80' lang='lat' dir='ltr'>nobis</span> <span class='ocrx_word' id='word_1_42' title='bbox 1155 1444 1224 1490; x_wconf 82' lang='lat' dir='ltr'>noo</span> <span class='ocrx_word' id='word_1_43' title='bbox 1248 1426 1416 1512; x_wconf 75' lang='lat' dir='ltr'>possunt:</span> <span class='ocrx_word' id='word_1_44' title='bbox 1445 1424 1476 1486; x_wconf 88' lang='lat' dir='ltr'>et</span> 
     </span>
     <span class='ocr_line' id='line_1_8' title="bbox 429 1530 1477 1629; baseline -0.005 -24"><span class='ocrx_word' id='word_1_45' title='bbox 429 1535 506 1606; x_wconf 84' lang='lat' dir='ltr'>ideo</span> <span class='ocrx_word' id='word_1_46' title='bbox 523 1535 615 1629; x_wconf 77' lang='lat' dir='ltr'>qood</span> <span class='ocrx_word' id='word_1_47' title='bbox 630 1534 734 1606; x_wconf 83' lang='lat' dir='ltr'>semel</span> <span class='ocrx_word' id='word_1_48' title='bbox 747 1534 967 1616; x_wconf 66' lang='lat' dir='ltr'>decrevimus</span> <span class='ocrx_word' id='word_1_49' title='bbox 985 1546 1157 1613; x_wconf 80' lang='lat' dir='ltr'>tenemus:</span> <span class='ocrx_word' id='word_1_50' title='bbox 1183 1542 1221 1603; x_wconf 84' lang='lat' dir='ltr'>ut</span> <span class='ocrx_word' id='word_1_51' title='bbox 1243 1532 1284 1602; x_wconf 87' lang='lat' dir='ltr'>ob</span> <span class='ocrx_word' id='word_1_52' title='bbox 1305 1530 1477 1602; x_wconf 79' lang='lat' dir='ltr'>baeretiois</span> 
     </span>
     <span class='ocr_line' id='line_1_9' title="bbox 428 1648 831 1745; baseline -0.005 -25"><span class='ocrx_word' id='word_1_53' title='bbox 428 1652 596 1721; x_wconf 68' lang='lat' dir='ltr'>votienus</span> <span class='ocrx_word' id='word_1_54' title='bbox 612 1648 831 1745; x_wconf 70' lang='lat' dir='ltr'>baptizemus.</span> 
     </span>
    </p>

    <p class='ocr_par' dir='ltr' id='par_1_4' title="bbox 427 1761 1478 2780">
     <span class='ocr_line' id='line_1_10' title="bbox 480 1761 1477 1857; baseline -0.002 -24"><span class='ocrx_word' id='word_1_55' title='bbox 480 1763 529 1835; x_wconf 89' lang='lat' dir='ltr'>Et</span> <span class='ocrx_word' id='word_1_56' title='bbox 552 1765 610 1835; x_wconf 90' lang='lat' dir='ltr'>hic</span> <span class='ocrx_word' id='word_1_57' title='bbox 633 1766 823 1835; x_wconf 88' lang='lat' dir='ltr'>confitetur</span> <span class='ocrx_word' id='word_1_58' title='bbox 844 1766 1064 1857; x_wconf 82' lang='lat' dir='ltr'>apertissime</span> <span class='ocrx_word' id='word_1_59' title='bbox 1081 1764 1251 1857; x_wconf 91' lang='lat' dir='ltr'>quosdam</span> <span class='ocrx_word' id='word_1_60' title='bbox 1270 1763 1315 1832; x_wconf 92' lang='lat' dir='ltr'>de</span> <span class='ocrx_word' id='word_1_61' title='bbox 1332 1761 1477 1854; x_wconf 81' lang='lat' dir='ltr'>collegis</span> 
     </span>
     <span class='ocr_line' id='line_1_11' title="bbox 428 1878 1477 1970; baseline -0.003 -22"><span class='ocrx_word' id='word_1_62' title='bbox 428 1881 500 1949; x_wconf 91' lang='lat' dir='ltr'>suis</span> <span class='ocrx_word' id='word_1_63' title='bbox 518 1881 653 1950; x_wconf 86' lang='lat' dir='ltr'>diversa</span> <span class='ocrx_word' id='word_1_64' title='bbox 678 1882 845 1951; x_wconf 82' lang='lat' dir='ltr'>sensisse:</span> <span class='ocrx_word' id='word_1_65' title='bbox 872 1880 968 1950; x_wconf 87' lang='lat' dir='ltr'>unde</span> <span class='ocrx_word' id='word_1_66' title='bbox 993 1882 1102 1952; x_wconf 87' lang='lat' dir='ltr'>etiam</span> <span class='ocrx_word' id='word_1_67' title='bbox 1127 1890 1235 1970; x_wconf 87' lang='lat' dir='ltr'>atque</span> <span class='ocrx_word' id='word_1_68' title='bbox 1260 1878 1368 1948; x_wconf 89' lang='lat' dir='ltr'>etiam</span> <span class='ocrx_word' id='word_1_69' title='bbox 1395 1899 1477 1946; x_wconf 90' lang='lat' dir='ltr'>con-</span> 
     </span>
     <span class='ocr_line' id='line_1_12' title="bbox 428 1991 1478 2089; baseline -0.001 -26"><span class='ocrx_word' id='word_1_70' title='bbox 428 1994 590 2065; x_wconf 88' lang='lat' dir='ltr'>firmatur</span> <span class='ocrx_word' id='word_1_71' title='bbox 605 2019 704 2066; x_wconf 93' lang='lat' dir='ltr'>amor</span> <span class='ocrx_word' id='word_1_72' title='bbox 723 1997 880 2078; x_wconf 86' lang='lat' dir='ltr'>unitatis,</span> <span class='ocrx_word' id='word_1_73' title='bbox 899 1997 993 2089; x_wconf 92' lang='lat' dir='ltr'>quod</span> <span class='ocrx_word' id='word_1_74' title='bbox 1017 1997 1063 2065; x_wconf 91' lang='lat' dir='ltr'>ab</span> <span class='ocrx_word' id='word_1_75' title='bbox 1085 1997 1236 2065; x_wconf 86' lang='lat' dir='ltr'>invicem</span> <span class='ocrx_word' id='word_1_76' title='bbox 1253 1992 1352 2064; x_wconf 90' lang='lat' dir='ltr'>nullo</span> <span class='ocrx_word' id='word_1_77' title='bbox 1370 1991 1478 2063; x_wconf 87' lang='lat' dir='ltr'>schis-</span> 
     </span>
     <span class='ocr_line' id='line_1_13' title="bbox 428 2108 1477 2203; baseline -0.003 -24"><span class='ocrx_word' id='word_1_78' title='bbox 428 2120 525 2180; x_wconf 89' lang='lat' dir='ltr'>mate</span> <span class='ocrx_word' id='word_1_79' title='bbox 542 2114 690 2203; x_wconf 89' lang='lat' dir='ltr'>separati</span> <span class='ocrx_word' id='word_1_80' title='bbox 711 2120 803 2193; x_wconf 91' lang='lat' dir='ltr'>sunt,</span> <span class='ocrx_word' id='word_1_81' title='bbox 818 2113 930 2182; x_wconf 89' lang='lat' dir='ltr'>donec</span> <span class='ocrx_word' id='word_1_82' title='bbox 948 2111 1068 2183; x_wconf 88' lang='lat' dir='ltr'>alteris</span> <span class='ocrx_word' id='word_1_83' title='bbox 1085 2134 1207 2182; x_wconf 89' lang='lat' dir='ltr'>eorum</span> <span class='ocrx_word' id='word_1_84' title='bbox 1224 2112 1253 2180; x_wconf 91' lang='lat' dir='ltr'>si</span> <span class='ocrx_word' id='word_1_85' title='bbox 1271 2110 1355 2201; x_wconf 91' lang='lat' dir='ltr'>quid</span> <span class='ocrx_word' id='word_1_86' title='bbox 1373 2108 1477 2178; x_wconf 89' lang='lat' dir='ltr'>aliter</span> 
     </span>
     <span class='ocr_line' id='line_1_14' title="bbox 428 2222 1475 2317; baseline -0.003 -22"><span class='ocrx_word' id='word_1_87' title='bbox 428 2236 591 2317; x_wconf 83' lang='lat' dir='ltr'>saperent</span> <span class='ocrx_word' id='word_1_88' title='bbox 609 2227 707 2297; x_wconf 93' lang='lat' dir='ltr'>Deus</span> <span class='ocrx_word' id='word_1_89' title='bbox 723 2227 905 2297; x_wconf 82' lang='lat' dir='ltr'>revelaret.</span> <span class='ocrx_word' id='word_1_90' title='bbox 959 2226 1030 2297; x_wconf 84' lang='lat' dir='ltr'>Sed</span> <span class='ocrx_word' id='word_1_91' title='bbox 1048 2227 1132 2296; x_wconf 92' lang='lat' dir='ltr'>huic</span> <span class='ocrx_word' id='word_1_92' title='bbox 1149 2225 1390 2317; x_wconf 88' lang='lat' dir='ltr'>respondetur,</span> <span class='ocrx_word' id='word_1_93' title='bbox 1404 2222 1475 2293; x_wconf 91' lang='lat' dir='ltr'>col·</span> 
     </span>
     <span class='ocr_line' id='line_1_15' title="bbox 429 2339 1477 2435; baseline -0.001 -26"><span class='ocrx_word' id='word_1_94' title='bbox 429 2340 525 2433; x_wconf 83' lang='lat' dir='ltr'>legas</span> <span class='ocrx_word' id='word_1_95' title='bbox 550 2343 626 2434; x_wconf 89' lang='lat' dir='ltr'>ejus</span> <span class='ocrx_word' id='word_1_96' title='bbox 652 2366 722 2412; x_wconf 93' lang='lat' dir='ltr'>non</span> <span class='ocrx_word' id='word_1_97' title='bbox 745 2342 810 2412; x_wconf 90' lang='lat' dir='ltr'>sibi</span> <span class='ocrx_word' id='word_1_98' title='bbox 833 2343 1016 2412; x_wconf 68' lang='lat' dir='ltr'>haereticos</span> <span class='ocrx_word' id='word_1_99' title='bbox 1038 2342 1285 2435; x_wconf 70' lang='lat' dir='ltr'>praeposuisse:</span> <span class='ocrx_word' id='word_1_100' title='bbox 1312 2341 1373 2410; x_wconf 87' lang='lat' dir='ltr'>sed</span> <span class='ocrx_word' id='word_1_101' title='bbox 1390 2339 1477 2431; x_wconf 89' lang='lat' dir='ltr'>bap-</span> 
     </span>
     <span class='ocr_line' id='line_1_16' title="bbox 429 2454 1476 2550; baseline -0.003 -24"><span class='ocrx_word' id='word_1_102' title='bbox 429 2456 573 2526; x_wconf 90' lang='lat' dir='ltr'>tismum</span> <span class='ocrx_word' id='word_1_103' title='bbox 591 2456 734 2538; x_wconf 87' lang='lat' dir='ltr'>Christi,</span> <span class='ocrx_word' id='word_1_104' title='bbox 755 2458 846 2526; x_wconf 90' lang='lat' dir='ltr'>sicut</span> <span class='ocrx_word' id='word_1_105' title='bbox 871 2456 1073 2550; x_wconf 82' lang='lat' dir='ltr'>agnoscitur</span> <span class='ocrx_word' id='word_1_106' title='bbox 1098 2459 1135 2525; x_wconf 90' lang='lat' dir='ltr'>in</span> <span class='ocrx_word' id='word_1_107' title='bbox 1160 2457 1281 2538; x_wconf 91' lang='lat' dir='ltr'>avaris,</span> <span class='ocrx_word' id='word_1_108' title='bbox 1299 2454 1476 2524; x_wconf 86' lang='lat' dir='ltr'>fraudato·</span> 
     </span>
     <span class='ocr_line' id='line_1_17' title="bbox 427 2570 1477 2664; baseline -0.002 -23"><span class='ocrx_word' id='word_1_109' title='bbox 427 2571 533 2653; x_wconf 91' lang='lat' dir='ltr'>ribus,</span> <span class='ocrx_word' id='word_1_110' title='bbox 561 2572 768 2664; x_wconf 90' lang='lat' dir='ltr'>raptoribus,</span> <span class='ocrx_word' id='word_1_111' title='bbox 793 2572 990 2655; x_wconf 86' lang='lat' dir='ltr'>homicidis,</span> <span class='ocrx_word' id='word_1_112' title='bbox 1016 2573 1066 2642; x_wconf 89' lang='lat' dir='ltr'>sic</span> <span class='ocrx_word' id='word_1_113' title='bbox 1096 2573 1203 2642; x_wconf 87' lang='lat' dir='ltr'>etiam</span> <span class='ocrx_word' id='word_1_114' title='bbox 1233 2572 1271 2641; x_wconf 89' lang='lat' dir='ltr'>in</span> <span class='ocrx_word' id='word_1_115' title='bbox 1300 2570 1477 2640; x_wconf 80' lang='lat' dir='ltr'>haereticis</span> 
     </span>
     <span class='ocr_line' id='line_1_18' title="bbox 428 2687 642 2780; baseline 0 -24"><span class='ocrx_word' id='word_1_116' title='bbox 428 2687 642 2780; x_wconf 85' lang='lat' dir='ltr'>cognovisse.</span> 
     </span>
    </p>

    <p class='ocr_par' dir='ltr' id='par_1_5' title="bbox 427 2798 1599 3128">
     <span class='ocr_line' id='line_1_19' title="bbox 479 2798 1599 2895; baseline 0.003 -25"><span class='ocrx_word' id='word_1_117' title='bbox 479 2801 698 2895; x_wconf 84' lang='lat' dir='ltr'>Rogatianus</span> <span class='ocrx_word' id='word_1_118' title='bbox 710 2825 732 2872; x_wconf 86' lang='lat' dir='ltr'>a</span> <span class='ocrx_word' id='word_1_119' title='bbox 744 2802 849 2872; x_wconf 81' lang='lat' dir='ltr'>Nora</span> <span class='ocrx_word' id='word_1_120' title='bbox 862 2802 976 2872; x_wconf 85' lang='lat' dir='ltr'>dixit:</span> <span class='ocrx_word' id='word_1_121' title='bbox 994 2799 1184 2872; x_wconf 81' lang='lat' dir='ltr'>Ecclesium</span> <span class='ocrx_word' id='word_1_122' title='bbox 1199 2798 1360 2874; x_wconf 76' lang='lat' dir='ltr'>Christus</span> <span class='ocrx_word' id='word_1_123' title='bbox 1378 2798 1599 2883; x_wconf 64' lang='lat' dir='ltr'>irati-cmc</span> 
     </span>
     <span class='ocr_line' id='line_1_20' title="bbox 427 2911 1478 3010; baseline -0.004 -23"><span class='ocrx_word' id='word_1_124' title='bbox 427 2916 505 2997; x_wconf 79' lang='lat' dir='ltr'>tait,</span> <span class='ocrx_word' id='word_1_125' title='bbox 522 2913 681 2986; x_wconf 80' lang='lat' dir='ltr'>boeresim</span> <span class='ocrx_word' id='word_1_126' title='bbox 701 2913 876 2987; x_wconf 80' lang='lat' dir='ltr'>diabolus:</span> <span class='ocrx_word' id='word_1_127' title='bbox 904 2915 1071 3010; x_wconf 74' lang='lat' dir='ltr'>qaornoo&#39;o</span> <span class='ocrx_word' id='word_1_128' title='bbox 1087 2924 1198 3010; x_wconf 85' lang='lat' dir='ltr'>potest</span> <span class='ocrx_word' id='word_1_129' title='bbox 1214 2912 1335 2986; x_wconf 78' lang='lat' dir='ltr'>dobere</span> <span class='ocrx_word' id='word_1_130' title='bbox 1351 2911 1478 3006; x_wconf 82' lang='lat' dir='ltr'>baptis-</span> 
     </span>
     <span class='ocr_line' id='line_1_21' title="bbox 428 3029 1044 3128; baseline 0.003 -28"><span class='ocrx_word' id='word_1_131' title='bbox 428 3054 521 3100; x_wconf 85' lang='lat' dir='ltr'>mum</span> <span class='ocrx_word' id='word_1_132' title='bbox 541 3029 676 3104; x_wconf 80' lang='lat' dir='ltr'>Christi</span> <span class='ocrx_word' id='word_1_133' title='bbox 691 3054 865 3128; x_wconf 79' lang='lat' dir='ltr'>spnopopo</span> <span class='ocrx_word' id='word_1_134' title='bbox 881 3031 1044 3102; x_wconf 74' lang='lat' dir='ltr'>cotoneo?</span> 
     </span>
    </p>

    <p class='ocr_par' dir='ltr' id='par_1_6' title="bbox 428 3144 1477 3585">
     <span class='ocr_line' id='line_1_22' title="bbox 479 3144 1477 3240; baseline -0.002 -24"><span class='ocrx_word' id='word_1_135' title='bbox 479 3146 576 3216; x_wconf 92' lang='lat' dir='ltr'>Huic</span> <span class='ocrx_word' id='word_1_136' title='bbox 606 3147 857 3239; x_wconf 89' lang='lat' dir='ltr'>respondetur:</span> <span class='ocrx_word' id='word_1_137' title='bbox 885 3146 1071 3237; x_wconf 92' lang='lat' dir='ltr'>Numquid</span> <span class='ocrx_word' id='word_1_138' title='bbox 1101 3148 1184 3239; x_wconf 90' lang='lat' dir='ltr'>quia</span> <span class='ocrx_word' id='word_1_139' title='bbox 1214 3148 1290 3240; x_wconf 85' lang='lat' dir='ltr'>pios</span> <span class='ocrx_word' id='word_1_140' title='bbox 1315 3144 1477 3215; x_wconf 86' lang='lat' dir='ltr'>Christus</span> 
     </span>
     <span class='ocr_line' id='line_1_23' title="bbox 428 3260 1477 3353; baseline -0.001 -23"><span class='ocrx_word' id='word_1_141' title='bbox 428 3262 592 3343; x_wconf 88' lang='lat' dir='ltr'>instituit,</span> <span class='ocrx_word' id='word_1_142' title='bbox 611 3271 649 3331; x_wconf 91' lang='lat' dir='ltr'>et</span> <span class='ocrx_word' id='word_1_143' title='bbox 666 3262 805 3331; x_wconf 85' lang='lat' dir='ltr'>invidos</span> <span class='ocrx_word' id='word_1_144' title='bbox 823 3261 991 3343; x_wconf 90' lang='lat' dir='ltr'>diabolus,</span> <span class='ocrx_word' id='word_1_145' title='bbox 1010 3262 1090 3331; x_wconf 91' lang='lat' dir='ltr'>ideo</span> <span class='ocrx_word' id='word_1_146' title='bbox 1113 3285 1185 3330; x_wconf 90' lang='lat' dir='ltr'>non</span> <span class='ocrx_word' id='word_1_147' title='bbox 1206 3270 1325 3353; x_wconf 87' lang='lat' dir='ltr'>potest</span> <span class='ocrx_word' id='word_1_148' title='bbox 1344 3260 1477 3330; x_wconf 88' lang='lat' dir='ltr'>habere</span> 
     </span>
     <span class='ocr_line' id='line_1_24' title="bbox 428 3376 1476 3469; baseline -0.002 -22"><span class='ocrx_word' id='word_1_149' title='bbox 428 3377 643 3469; x_wconf 89' lang='lat' dir='ltr'>baptismum</span> <span class='ocrx_word' id='word_1_150' title='bbox 662 3376 804 3458; x_wconf 84' lang='lat' dir='ltr'>Christi,</span> <span class='ocrx_word' id='word_1_151' title='bbox 826 3401 906 3468; x_wconf 87' lang='lat' dir='ltr'>quae</span> <span class='ocrx_word' id='word_1_152' title='bbox 934 3378 970 3446; x_wconf 90' lang='lat' dir='ltr'>iu</span> <span class='ocrx_word' id='word_1_153' title='bbox 999 3378 1126 3448; x_wconf 84' lang='lat' dir='ltr'>invidis</span> <span class='ocrx_word' id='word_1_154' title='bbox 1153 3378 1374 3448; x_wconf 88' lang='lat' dir='ltr'>convincitur</span> <span class='ocrx_word' id='word_1_155' title='bbox 1400 3397 1476 3445; x_wconf 86' lang='lat' dir='ltr'>esse</span> 
     </span>
     <span class='ocr_line' id='line_1_25' title="bbox 428 3490 680 3585; baseline 0 -23"><span class='ocrx_word' id='word_1_156' title='bbox 428 3515 508 3585; x_wconf 88' lang='lat' dir='ltr'>pars</span> <span class='ocrx_word' id='word_1_157' title='bbox 526 3490 680 3563; x_wconf 71' lang='lat' dir='ltr'>diaboli?</span> 
     </span>
    </p>

    <p class='ocr_par' dir='ltr' id='par_1_7' title="bbox 428 3602 1602 3905">
     <span class='ocr_line' id='line_1_26' title="bbox 478 3602 1602 3699; baseline 0 -27"><span class='ocrx_word' id='word_1_158' title='bbox 478 3604 677 3699; x_wconf 88' lang='lat' dir='ltr'>Therapius</span> <span class='ocrx_word' id='word_1_159' title='bbox 694 3630 716 3676; x_wconf 91' lang='lat' dir='ltr'>a</span> <span class='ocrx_word' id='word_1_160' title='bbox 733 3606 839 3677; x_wconf 90' lang='lat' dir='ltr'>Bulla</span> <span class='ocrx_word' id='word_1_161' title='bbox 856 3607 968 3676; x_wconf 87' lang='lat' dir='ltr'>dixit:</span> <span class='ocrx_word' id='word_1_162' title='bbox 997 3605 1069 3694; x_wconf 79' lang='lat' dir='ltr'>Qui</span> <span class='ocrx_word' id='word_1_163' title='bbox 1084 3604 1256 3676; x_wconf 80' lang='lat' dir='ltr'>baereticis</span> <span class='ocrx_word' id='word_1_164' title='bbox 1272 3602 1549 3699; x_wconf 73' lang='lat' dir='ltr'>baptismumcu.</span> <span class='ocrx_word' id='word_1_165' title='bbox 1561 3633 1602 3685; x_wconf 64' lang='grc' dir='ltr'>ας.</span> 
     </span>
     <span class='ocr_line' id='line_1_27' title="bbox 428 3717 1477 3815; baseline -0.004 -24"><span class='ocrx_word' id='word_1_166' title='bbox 428 3718 595 3791; x_wconf 80' lang='lat' dir='ltr'>Ecclesiae</span> <span class='ocrx_word' id='word_1_167' title='bbox 611 3720 772 3804; x_wconf 79' lang='lat' dir='ltr'>concedit,</span> <span class='ocrx_word' id='word_1_168' title='bbox 790 3730 822 3791; x_wconf 84' lang='lat' dir='ltr'>et</span> <span class='ocrx_word' id='word_1_169' title='bbox 844 3720 974 3814; x_wconf 80' lang='lat' dir='ltr'>prodit,</span> <span class='ocrx_word' id='word_1_170' title='bbox 993 3719 1079 3815; x_wconf 82' lang='lat' dir='ltr'>quid</span> <span class='ocrx_word' id='word_1_171' title='bbox 1097 3717 1197 3790; x_wconf 82' lang='lat' dir='ltr'>uliud</span> <span class='ocrx_word' id='word_1_172' title='bbox 1218 3742 1319 3812; x_wconf 82' lang='lat' dir='ltr'>quom</span> <span class='ocrx_word' id='word_1_173' title='bbox 1341 3739 1477 3811; x_wconf 73' lang='lat' dir='ltr'>spoiuae</span> 
     </span>
     <span class='ocr_line' id='line_1_28' title="bbox 429 3831 878 3905; baseline -0.004 0"><span class='ocrx_word' id='word_1_174' title='bbox 429 3831 566 3905; x_wconf 77' lang='lat' dir='ltr'>Christi</span> <span class='ocrx_word' id='word_1_175' title='bbox 577 3831 694 3905; x_wconf 69' lang='lat' dir='ltr'>ludos</span> <span class='ocrx_word' id='word_1_176' title='bbox 711 3835 878 3905; x_wconf 66' lang='lat' dir='ltr'>obsistit?</span> 
     </span>
    </p>

    <p class='ocr_par' dir='ltr' id='par_1_8' title="bbox 428 3947 1477 4271">
     <span class='ocr_line' id='line_1_29' title="bbox 480 3947 1477 4042; baseline 0.002 -25"><span class='ocrx_word' id='word_1_177' title='bbox 480 3947 659 4041; x_wconf 84' lang='lat' dir='ltr'>Omagna</span> <span class='ocrx_word' id='word_1_178' title='bbox 676 3951 850 4019; x_wconf 82' lang='lat' dir='ltr'>convictio</span> <span class='ocrx_word' id='word_1_179' title='bbox 876 3950 1188 4032; x_wconf 89' lang='lat' dir='ltr'>schismaticorum,</span> <span class='ocrx_word' id='word_1_180' title='bbox 1206 3951 1265 4042; x_wconf 93' lang='lat' dir='ltr'>qui</span> <span class='ocrx_word' id='word_1_181' title='bbox 1288 3971 1326 4019; x_wconf 87' lang='lat' dir='ltr'>se</span> <span class='ocrx_word' id='word_1_182' title='bbox 1348 3949 1393 4019; x_wconf 96' lang='lat' dir='ltr'>ab</span> <span class='ocrx_word' id='word_1_183' title='bbox 1415 3947 1477 4019; x_wconf 90' lang='lat' dir='ltr'>he·</span> 
     </span>
     <span class='ocr_line' id='line_1_30' title="bbox 429 4061 1476 4157; baseline 0.004 -27"><span class='ocrx_word' id='word_1_184' title='bbox 429 4061 580 4141; x_wconf 81' lang='lat' dir='ltr'>reditote</span> <span class='ocrx_word' id='word_1_185' title='bbox 606 4061 738 4133; x_wconf 85' lang='lat' dir='ltr'>Christi</span> <span class='ocrx_word' id='word_1_186' title='bbox 766 4073 843 4133; x_wconf 91' lang='lat' dir='ltr'>toto</span> <span class='ocrx_word' id='word_1_187' title='bbox 871 4064 956 4134; x_wconf 90' lang='lat' dir='ltr'>orbe</span> <span class='ocrx_word' id='word_1_188' title='bbox 984 4063 1108 4134; x_wconf 83' lang='lat' dir='ltr'>diffusa</span> <span class='ocrx_word' id='word_1_189' title='bbox 1132 4065 1266 4135; x_wconf 88' lang='lat' dir='ltr'>nefario</span> <span class='ocrx_word' id='word_1_190' title='bbox 1294 4064 1476 4157; x_wconf 78' lang='lat' dir='ltr'>sacrilegio</span> 
     </span>
     <span class='ocr_line' id='line_1_31' title="bbox 428 4176 1476 4271; baseline 0.001 -26"><span class='ocrx_word' id='word_1_191' title='bbox 428 4185 644 4267; x_wconf 84' lang='lat' dir='ltr'>separarunt,</span> <span class='ocrx_word' id='word_1_192' title='bbox 658 4178 686 4246; x_wconf 90' lang='lat' dir='ltr'>si</span> <span class='ocrx_word' id='word_1_193' title='bbox 704 4176 899 4271; x_wconf 86' lang='lat' dir='ltr'>Cyprianus</span> <span class='ocrx_word' id='word_1_194' title='bbox 914 4178 1046 4248; x_wconf 86' lang='lat' dir='ltr'>talibus</span> <span class='ocrx_word' id='word_1_195' title='bbox 1063 4179 1347 4248; x_wconf 88' lang='lat' dir='ltr'>communicabat</span> <span class='ocrx_word' id='word_1_196' title='bbox 1363 4177 1476 4269; x_wconf 90' lang='lat' dir='ltr'>qualis</span> 
     </span>
    </p>
   </div>
   <div class='ocr_carea' id='block_1_3' title="bbox 323 4290 1477 4373">
    <p class='ocr_par' dir='ltr' id='par_1_9' title="bbox 323 4290 1477 4373">
     <span class='ocr_line' id='line_1_32' title="bbox 323 4290 1477 4373; baseline 0.005 -13"><span class='ocrx_word' id='word_1_197' title='bbox 323 4355 326 4361; x_wconf 88' lang='lat'><em>.</em></span> <span class='ocrx_word' id='word_1_198' title='bbox 426 4290 540 4362; x_wconf 85' lang='lat' dir='ltr'>Judas</span> <span class='ocrx_word' id='word_1_199' title='bbox 566 4293 716 4363; x_wconf 88' lang='lat' dir='ltr'>traditor</span> <span class='ocrx_word' id='word_1_200' title='bbox 745 4294 823 4373; x_wconf 76' lang='lat' dir='ltr'>fuit,</span> <span class='ocrx_word' id='word_1_201' title='bbox 850 4303 887 4363; x_wconf 84' lang='lat' dir='ltr'>et</span> <span class='ocrx_word' id='word_1_202' title='bbox 915 4302 1038 4364; x_wconf 82' lang='lat' dir='ltr'>tamen</span> <span class='ocrx_word' id='word_1_203' title='bbox 1066 4294 1112 4363; x_wconf 89' lang='lat' dir='ltr'>ab</span> <span class='ocrx_word' id='word_1_204' title='bbox 1141 4294 1192 4363; x_wconf 86' lang='lat' dir='ltr'>eis</span> <span class='ocrx_word' id='word_1_205' title='bbox 1221 4316 1291 4363; x_wconf 86' lang='lat' dir='ltr'>non</span> <span class='ocrx_word' id='word_1_206' title='bbox 1321 4291 1477 4366; x_wconf 81' lang='lat' dir='ltr'>macula-</span> 
     </span>
    </p>
   </div>
   <div class='ocr_carea' id='block_1_4' title="bbox 428 4407 1477 4491">
    <p class='ocr_par' dir='ltr' id='par_1_10' title="bbox 428 4407 1477 4491">
     <span class='ocr_line' id='line_1_33' title="bbox 428 4407 1477 4491; baseline -0.002 -14"><span class='ocrx_word' id='word_1_207' title='bbox 428 4407 552 4478; x_wconf 91' lang='lat' dir='ltr'>batur:</span> <span class='ocrx_word' id='word_1_208' title='bbox 592 4416 654 4478; x_wconf 90' lang='lat' dir='ltr'>aut</span> <span class='ocrx_word' id='word_1_209' title='bbox 684 4408 711 4479; x_wconf 89' lang='lat' dir='ltr'>si</span> <span class='ocrx_word' id='word_1_210' title='bbox 744 4407 998 4491; x_wconf 91' lang='lat' dir='ltr'>maculabatur,</span> <span class='ocrx_word' id='word_1_211' title='bbox 1028 4415 1116 4477; x_wconf 87' lang='lat' dir='ltr'>tunc</span> <span class='ocrx_word' id='word_1_212' title='bbox 1146 4407 1250 4477; x_wconf 87' lang='lat' dir='ltr'>Judac</span> <span class='ocrx_word' id='word_1_213' title='bbox 1280 4407 1364 4476; x_wconf 89' lang='lat' dir='ltr'>facti</span> <span class='ocrx_word' id='word_1_214' title='bbox 1394 4414 1477 4476; x_wconf 92' lang='lat' dir='ltr'>sunt</span> 
     </span>
    </p>
   </div>
   <div class='ocr_carea' id='block_1_5' title="bbox 429 4522 1476 4700">
    <p class='ocr_par' dir='ltr' id='par_1_11' title="bbox 429 4522 1476 4700">
     <span class='ocr_line' id='line_1_34' title="bbox 429 4522 1476 4617; baseline -0.002 -26"><span class='ocrx_word' id='word_1_215' title='bbox 429 4545 571 4607; x_wconf 88' lang='lat' dir='ltr'>omnes;</span> <span class='ocrx_word' id='word_1_216' title='bbox 597 4547 681 4617; x_wconf 85' lang='lat' dir='ltr'>ergo</span> <span class='ocrx_word' id='word_1_217' title='bbox 698 4535 735 4595; x_wconf 97' lang='lat' dir='ltr'>et</span> <span class='ocrx_word' id='word_1_218' title='bbox 752 4525 858 4595; x_wconf 91' lang='lat' dir='ltr'>modo</span> <span class='ocrx_word' id='word_1_219' title='bbox 875 4523 900 4594; x_wconf 87' lang='lat' dir='ltr'>J</span> <span class='ocrx_word' id='word_1_220' title='bbox 902 4524 978 4594; x_wconf 83' lang='lat' dir='ltr'>udae</span> <span class='ocrx_word' id='word_1_221' title='bbox 995 4533 1079 4593; x_wconf 91' lang='lat' dir='ltr'>sunt</span> <span class='ocrx_word' id='word_1_222' title='bbox 1102 4544 1243 4593; x_wconf 87' lang='lat' dir='ltr'>omnes:</span> <span class='ocrx_word' id='word_1_223' title='bbox 1270 4530 1333 4592; x_wconf 88' lang='lat' dir='ltr'>aut</span> <span class='ocrx_word' id='word_1_224' title='bbox 1356 4522 1384 4590; x_wconf 92' lang='lat' dir='ltr'>si</span> <span class='ocrx_word' id='word_1_225' title='bbox 1405 4543 1476 4590; x_wconf 92' lang='lat' dir='ltr'>non</span> 
     </span>
     <span class='ocr_line' id='line_1_35' title="bbox 904 4655 1011 4700; baseline 0.019 -2"><span class='ocrx_word' id='word_1_226' title='bbox 904 4659 927 4698; x_wconf 81' lang='lat' dir='ltr'>u</span> <span class='ocrx_word' id='word_1_227' title='bbox 944 4657 977 4699; x_wconf 90' lang='lat' dir='ltr'>m</span> <span class='ocrx_word' id='word_1_228' title='bbox 993 4655 1011 4700; x_wconf 84' lang='lat'>2</span> 
     </span>
    </p>
   </div>
   <div class='ocr_carea' id='block_1_6' title="bbox 0 0 1917 5692">
    <p class='ocr_par' dir='ltr' id='par_1_12' title="bbox 0 0 1917 5692">
     <span class='ocr_line' id='line_1_36' title="bbox 0 0 1917 5692; baseline 0 0"><span class='ocrx_word' id='word_1_229' title='bbox 0 0 1917 5692; x_wconf 95' lang='lat' dir='ltr'> </span> 
     </span>
    </p>
   </div>
  </div>
 </body>
</html>
