3817 5692
1432 500 1445 534 N
1481 535 1484 542 .

766 692 1077 755 DISPUTATIO.
1384 700 1448 766 179

395 860 479 941 haec,
498 882 575 950 quae
597 882 618 928 a
643 869 679 929 te
705 859 800 928 dicta
821 870 913 940 sunt,
932 863 1144 952 respondere
1171 867 1336 955 potuerit,
1356 867 1447 938 blas-

395 976 543 1067 phemiae
566 977 699 1044 crimen
721 977 878 1056 incurrit,
897 977 982 1066 quin
1009 980 1127 1067 potius
1144 990 1199 1048 est
1216 982 1313 1049 omni
1339 981 1444 1054 laude

396 1091 630 1182 dignissimus
682 1089 836 1182 Oportet
853 1093 948 1160 enirn
966 1092 1138 1162 artificem
1161 1094 1266 1163 rebus
1289 1097 1446 1187 proposi·

396 1205 442 1274 tis
464 1205 689 1296 responsione
712 1203 902 1297 diligenter
925 1215 1057 1297 aptata,
1077 1207 1263 1277 manifesta
1281 1210 1446 1280 omnibus

396 1343 448 1402 ea,
471 1320 516 1391 de
542 1320 670 1410 quibus
697 1320 874 1408 quaeritur,
894 1319 950 1389 vel
977 1321 1172 1403 dubitatur,
1191 1323 1389 1407 ostendere,
1407 1335 1445 1395 et

396 1436 552 1504 maxime
577 1434 706 1503 idiotis.
760 1433 807 1503 Et
833 1435 999 1525 quoniam
1029 1435 1094 1504 tibi
1121 1435 1294 1508 doctrinae
1317 1448 1445 1508 nostroe

398 1572 467 1618 non
493 1549 610 1640 placet
628 1550 727 1629 ratio,
746 1558 913 1639 tanquam
931 1550 1061 1618 artifex
1087 1549 1211 1632 bonus,
1228 1553 1337 1621 etiam
1355 1551 1446 1622 hauc

398 1664 483 1733 mihi
503 1664 731 1754 quaestionem
758 1663 1015 1733 rationabiliter
1034 1664 1190 1735 exsolve.
1241 1665 1332 1735 Mihi
1350 1668 1446 1737 enim

399 1781 495 1874 pium
515 1781 658 1849 videtur
674 1779 801 1860 dicere,
820 1779 914 1870 quod
936 1778 1024 1849 nihil
1042 1782 1181 1873 eguerit
1197 1780 1290 1852 lilius
1310 1780 1391 1863 Dei,
1410 1784 1446 1852 in

399 1919 442 1965 eo
464 1896 558 1987 quod
584 1894 757 1964 adventus
784 1896 859 1986 ejus
881 1903 1089 1987 procuratur
1111 1897 1155 1966 ad
1183 1906 1302 1979 terras,
1329 1921 1445 1990 neque

398 2034 485 2104 opus
518 2011 682 2081 habuerit
716 2008 890 2091 columba,
927 2032 1042 2101 neque
1080 2010 1304 2103 baptismate,
1331 2036 1447 2104 neque

397 2135 521 2208 matre,
538 2147 655 2217 neque
680 2125 855 2206 fratribus,
882 2124 1030 2195 fortasse
1055 2149 1172 2218 neque
1197 2137 1307 2217 patre,
1326 2129 1387 2218 qui
1413 2129 1446 2198 ei

398 2243 591 2312 secundum
608 2250 646 2311 te
670 2240 738 2310 fuit
754 2239 909 2333 Joseph;
934 2241 996 2310 sed
1014 2250 1112 2311 totus
1133 2240 1193 2311 ille
1210 2243 1285 2333 ipse
1303 2242 1448 2312 descen·

398 2358 495 2436 dens,
513 2356 744 2448 semetipsum
767 2358 803 2426 in
821 2379 1035 2447 quocunque
1054 2356 1165 2427 voluit
1183 2358 1447 2428 transformavit

398 2471 645 2554 inhominem,
663 2495 706 2542 eo
722 2479 837 2563 pacto,
856 2494 927 2562 quo
945 2470 1078 2542 Paulus
1095 2473 1195 2553 dicit,
1213 2474 1295 2564 quia
1313 2470 1448 2544 ¹labia

396 2596 669 2681 repertantur
688 2584 797 2657 domo.
841 2585 951 2679 Cujus
977 2588 1086 2680 igitur
1109 2588 1160 2656 rei
1185 2588 1378 2681 indiguerit
1404 2590 1447 2668 is,

399 2703 458 2792 qui
493 2704 724 2794 semetipsum
759 2703 795 2771 in
830 2702 948 2770 omnia
984 2701 1251 2782 transformarit,
1288 2702 1448 2772 ostende.

400 2817 552 2901 Quando
574 2819 668 2888 enim
692 2817 815 2898 voluit,
840 2815 935 2885 hunc
961 2815 1142 2885 hominem
1169 2838 1308 2886 rursum
1336 2825 1450 2886 trans-

401 2933 565 3003 formavit
582 2935 619 3003 in
636 2934 790 3026 speciem
812 2930 905 3013 solis,
923 2953 965 3001 ac
983 2930 1134 3001 vultum.
1187 2930 1292 3014 Quod
1318 2932 1347 2999 si
1374 2953 1450 3000 rur-

401 3072 460 3120 sus
477 3050 618 3132 resistis‚
637 3049 723 3118 milri
741 3057 840 3119 recte
854 3048 985 3117 dicenti
1002 3047 1110 3116 fidem
1128 3047 1236 3116 'nolis
1253 3068 1451 3116 accommo-

401 3166 494 3247 dare,
511 3166 595 3235 audi
618 3164 859 3235 definitionem
886 3171 997 3247 tuam,
1016 3162 1051 3230 iu
1071 3170 1241 3252 questas.
1294 3159 1334 3231 Si
1352 3159 1449 3230 enim

401 3281 581 3352 hominem
607 3302 689 3351 eum
712 3278 959 3350 tantummodo
985 3300 1030 3347 ex
1058 3275 1174 3347 Maria
1197 3298 1273 3346 esse
1297 3275 1393 3355 diois,
1412 3284 1450 3344 et

400 3399 438 3466 in
463 3396 676 3489 baptismate
702 3393 874 3487 Spiritum
899 3393 1106 3485 percepisse,
1124 3415 1208 3486 ergo
1225 3415 1289 3485 per
1315 3390 1451 3483 profec-

400 3520 477 3580 tum
496 3511 589 3581 filius
605 3509 792 3591 videbitur,
811 3518 848 3579 et
868 3531 938 3578 non
964 3530 1027 3601 per
1044 3517 1217 3578 naturam.
1270 3505 1310 3577 Si
1328 3515 1450 3576 tamen

400 3627 466 3696 tibi
509 3627 700 3696 concedam
737 3624 862 3704 dicere,
897 3624 1101 3693 secundum·
1134 3622 1332 3714 profectum
1374 3642 1450 3689 esse

400 3741 524 3823 filium,
542 3740 641 3831 quasi
665 3739 846 3809 homiuem
872 3738 1032 3819 fectum3
1058 3738 1239 3807 homiuem
1263 3758 1346 3805 vere
1372 3756 1449 3804 csse

401 3855 561 3946 opinaris,
579 3855 682 3934 idest,
699 3854 759 3944 qui
776 3875 867 3933 caro,
884 3861 922 3922 et
946 3854 1088 3945 sanguis
1113 3850 1183 3922 sit?
1211 3849 1370 3920 Necesse
1395 3856 1449 3918 est

401 3990 497 4060 ergo,
520 3976 557 4036 et
583 3966 766 4059 Spiritum,
784 3967 845 4056 qui
870 3966 963 4035 sicut
988 3964 1153 4034 columba
1178 3963 1351 4055 apparuit,
1378 3984 1450 4032 non

401 4081 498 4152 aliud
522 4105 607 4163 esse,
624 4104 729 4173 quam
756 4079 953 4150 naturalem
971 4079 1191 4160 columbam;
1217 4078 1325 4148 ἐῖσαι
1350 4074 1451 4146 domo

401 4200 496 4268 enim
524 4198 659 4268 dictum
687 4204 751 4276 est,
779 4202 816 4264 et
840 4194 929 4264 sicut
957 4191 1119 4275 colomba,
1145 4203 1183 4262 et
1213 4193 1451 4283 quodcunque

402 4314 533 4405 opinari
569 4321 687 4404 potest
720 4311 765 4380 de
799 4333 842 4380 eo
875 4332 1047 4391 sermono,
1083 4309 1178 4400 quod
1215 4307 1352 4377 dictum
1386 4314 1450 4389 est,
1551 4383 1555 4394 Ι

438 4513 444 4536 ¹
460 4509 532 4567 rhu.
548 4510 577 4567 n.
595 4528 622 4583 7.
706 4515 714 4539 =
732 4510 811 4583 [ror.
826 4508 939 4580 nolens]
1028 4505 1122 4562 ³1³au.
1138 4505 1166 4561 o.
1183 4520 1208 4578 7·
1232 4502 1307 4560 Mat.
1323 4501 1360 4558 n.
1373 4500 1419 4559 1⁶.

885 4624 905 4665 Α
921 4620 978 4666 a2
