3817 5692
504 689 569 753 100
734 688 988 753 ARCHELAI
1005 689 1070 751 ET
1103 688 1324 751 MANETIS

504 863 540 932 in
558 862 669 944 fovea,
686 862 898 933 incolumem
917 863 1147 933 conservavit.
1194 861 1251 931 Ex
1267 861 1335 930 boc
1354 881 1438 953 ergo
1455 860 1551 929 infir·

503 985 620 1046 matus
649 985 704 1047 est
732 977 916 1070 malignus,
943 977 1039 1047 ultra
1060 978 1137 1068 jam
1165 976 1268 1046 leone
1297 998 1367 1045 nou
1394 974 1548 1045 habente

501 1099 717 1184 potestatem
743 1092 894 1162 faciendi
919 1092 1063 1183 aliquid,
1081 1102 1119 1161 et
1136 1091 1329 1162 salvabitur
1346 1112 1451 1160 omne
1476 1090 1550 1160 ani-

502 1228 639 1275 mamm
664 1228 787 1298 genus,
804 1229 845 1275 ac
863 1207 1082 1288 restituetur,
1099 1208 1194 1297 quod
1221 1207 1383 1298 perierat,
1409 1204 1549 1296 proprio

501 1344 565 1393 suo
593 1322 703 1415 gregi.
755 1321 984 1392 Arcumms
1014 1340 1131 1402 n1x1n,
1159 1320 1199 1390 Si
1227 1320 1366 1390 leonem
1394 1318 1549 1409 maligno

501 1458 691 1526 comparas,
716 1434 836 1505 Deum
864 1458 948 1505 vero
973 1436 1127 1527 pastori3
1152 1456 1236 1504 oves
1261 1444 1369 1525 atque
1394 1433 1547 1515 haedum,

501 1551 567 1632 dic,
586 1550 726 1620 cuinam
754 1547 1059 1642 comparabimus?
1087 1548 1226 1618 Manes
1252 1567 1370 1629 nrxrr,
1390 1545 1486 1618 Oves
1511 1557 1549 1617 et

500 1666 620 1736 haedus
649 1666 753 1735 unius
782 1664 867 1735 mihi
901 1665 1065 1734 videntur
1094 1686 1170 1733 esse
1201 1677 1356 1745 uaturae3
1390 1664 1426 1731 in
1454 1663 1549 1732 simi·

501 1782 689 1851 litudinem
714 1790 837 1850 autem
864 1790 1044 1872 ponuntur
1069 1781 1276 1849 animarum.
1322 1777 1549 1849 AacnntAUs

501 1915 632 1980 mxu,
661 1895 831 1965 Animam
861 1918 944 1989 ergo
979 1895 1159 1987 perditum
1191 1895 1290 1964 dedit
1325 1892 1434 1975 Deus,
1462 1893 1549 1984 obji-

500 2014 596 2083 ciens
626 2034 705 2081 eam
732 2011 826 2080 leoni
857 2012 894 2079 in
924 2010 1037 2080 fovea.
1090 2008 1229 2081 Menas
1258 2029 1373 2090 marr,
1402 2007 1549 2100 Nequa-

500 2148 616 2217 quam,
643 2125 735 2195 absit
760 2125 848 2204 boc;
874 2126 936 2194 sed
962 2124 1200 2217 apprehensus
1221 2132 1276 2194 est
1293 2122 1379 2193 ¹hoc
1396 2123 1547 2216 ingenio,

500 2242 537 2309 in
565 2240 724 2310 futurum
752 2262 835 2309 vero
862 2240 1012 2310 salvabit
1036 2262 1125 2309 eam.
1176 2238 1405 2310 Ancannnus
1432 2258 1547 2319 nrxrr,

500 2354 705 2425 Ridiculum
725 2356 801 2447 jam
828 2356 923 2425 istud
950 2364 1016 2437 est,
1033 2351 1112 2425 Viri
1138 2356 1326 2437 auditores,
1350 2354 1380 2423 si
1404 2375 1547 2446 agnum,

500 2493 605 2562 quem
628 2471 806 2541 retinebat
823 2472 859 2540 in
882 2471 1027 2554 sinibus,
1044 2480 1163 2564 pastor
1179 2472 1414 2541 extimescens
1436 2468 1548 2539 leonis

453 2639 456 2645 .
498 2586 705 2678 ingressum,
724 2586 872 2677 projecit
889 2609 972 2656 eum
997 2587 1246 2668 devorandum,
1264 2596 1303 2655 et
1321 2585 1450 2655 dicitur
1466 2586 1548 2676 quia

498 2701 713 2771 infuturum
731 2700 881 2771 salvabit
898 2724 992 2771 eurn.
1044 2702 1232 2785 Quomodo
1249 2725 1320 2771 non
1339 2710 1455 2771 totum
1479 2700 1546 2771 hoc

498 2815 648 2885 ridiculo
665 2815 812 2906 plenum
830 2814 908 2885 est?
936 2817 1031 2886 Nam
1051 2818 1142 2886 etin
1160 2817 1227 2886 hoc
1245 2815 1353 2886 etiam
1371 2814 1544 2906 judicium

499 2929 678 2998 adimitur.
729 2926 847 2998 tDeus
873 2930 968 2998 enim
996 2928 1135 2999 Satanae
1161 2932 1315 3000 animam
1343 2931 1488 3000 tradidit
1509 2930 1546 2999 in

497 3044 745 3133 perditionem,
765 3044 811 3114 ab
828 3066 871 3113 eo
888 3046 1144 3115 assumendam.
1188 3046 1340 3129 Quando
1357 3045 1452 3114 enim
1469 3067 1547 3136 pas-

498 3167 564 3239 tor,
582 3167 723 3230 unonne
742 3160 856 3230 David
876 3160 921 3229 de
934 3181 995 3229 ore
1012 3159 1134 3243 leonis,
1150 3158 1204 3230 vel
1223 3161 1294 3230 ursi
1312 3160 1405 3228 eruit
1418 3159 1545 3229 ovem?

498 3272 581 3341 Hoc
607 3274 755 3344 dicimus
782 3283 927 3367 propter
957 3273 1155 3354 occisoris,
1182 3276 1276 3366 quod
1304 3276 1376 3356 ait;
1402 3275 1464 3344 'de
1486 3298 1546 3344 ore

498 3387 621 3470 leonis,
639 3397 702 3458 aut
725 3391 769 3460 de
788 3397 911 3459 ventre
937 3391 1013 3481 ejus
1039 3398 1157 3482 potest
1175 3390 1337 3471 educere,
1355 3391 1448 3481 quod
1468 3391 1485 3481 j

497 3501 558 3571 ille
585 3495 785 3574 devoravit'
831 3503 903 3576 Sed
931 3505 1026 3575 dices
1048 3503 1147 3585 mihi,
1166 3503 1265 3575 Deus
1291 3514 1354 3587 est,
1372 3514 1410 3574 et
1427 3504 1547 3574 omnia

497 3625 625 3706 potest.
677 3615 776 3687 Audi
797 3641 882 3711 ergo
898 3620 942 3689 ad
969 3620 1066 3701 lraec3
1091 3642 1155 3689 cur
1179 3619 1287 3713 igitur
1304 3621 1398 3710 quod
1424 3618 1544 3711 possit,

535 3810 548 3853 i
568 3812 707 3886 quuitur
720 3813 767 3870 hic
781 3814 947 3884 Archelaus,
962 3834 999 3873 ex
1013 3815 1140 3873 Manetis
1159 3815 1309 3881 sententia,
1325 3816 1373 3890 qui
1393 3834 1459 3871 cum
1479 3833 1543 3889 pas-

495 3914 587 3964 torem
608 3908 821 3983 prandentem,
841 3929 874 3967 ac
894 3920 1120 3986 praenoscentem
1141 3910 1295 3968 inevitabili
1315 3911 1406 3969 leonis
1426 3912 1544 3968 devora-

494 4002 565 4059 tioni
579 4004 744 4078 exposuisse
758 4005 871 4062 haedum
887 4007 1003 4072 diceret,
1018 4008 1179 4066 necessario
1200 4008 1426 4082 consequebatur
1445 4016 1544 4081 pasto·

494 4116 555 4155 rem
569 4099 662 4174 ipsum
676 4120 790 4158 causam
804 4121 866 4159 esse
887 4103 1054 4178 perditionis
1067 4104 1152 4172 hoedi,
1167 4104 1249 4179 eique
1269 4104 1343 4161 illius
1364 4122 1463 4161 necem
1481 4105 1546 4179 jure

495 4193 625 4251 adscribi.
975 4265 983 4282 ·

535 4301 551 4332 ¹¹
575 4290 631 4349 Hic
645 4293 750 4367 aliquid
769 4295 868 4351 deesse
881 4295 1003 4352 videtur.
1046 4296 1141 4363 Forte,
1159 4298 1270 4360 Quando
1291 4297 1360 4353 enim
1376 4304 1476 4372 pastor
1496 4295 1547 4353 loc

485 4383 590 4458 fecit?
609 4387 708 4445 Nonne
723 4390 828 4453 Dauid,
844 4392 894 4447 dte.

507 4509 514 4532 ¹
532 4504 595 4577 [An
609 4508 771 4584 legendum,
787 4509 840 4576 lic,
855 4510 880 4567 is
895 4519 938 4569 est
952 4512 998 4569 leo
1010 4512 1035 4584 i]

506 4592 514 4616 ⁹
533 4600 619 4674 [Cum
635 4605 857 4681 interrogatione
872 4607 995 4682 legenda
1008 4609 1065 4674 illa,
1081 4611 1113 4667 de
1126 4629 1173 4666 ore
1187 4611 1280 4675 leonia
1296 4617 1343 4665 aar
1357 4609 1390 4665 de
1402 4609 1520 4680 ventre]
