3817 5692
643 648 887 712 RESPONSA
910 648 979 710 AD
1003 646 1268 711 EPISCOPOS.
1411 648 1474 712 251

426 818 575 889 concilio
593 820 637 889 de
654 820 720 890 hac
737 842 776 889 re
793 819 993 911 litterisque
1011 821 1256 913 comperimus,
1274 818 1365 889 hanc
1383 843 1479 890 eam-

426 936 507 1004 dem
531 935 765 1025 quaestionem
788 934 969 1025 aliquanto
992 935 1126 1004 diutius
1143 943 1327 1026 tamquam
1349 935 1386 1003 in
1404 957 1479 1004 ma·

425 1050 528 1119 nibus
546 1072 693 1131 versare,
711 1057 749 1119 et
774 1050 960 1120 ostendere
987 1071 1092 1141 quam
1115 1051 1230 1119 verius
1256 1051 1478 1120 universitati

426 1164 596 1236 Ecclesiae
623 1165 807 1236 catholicae
834 1166 1019 1257 placuerit,
1038 1173 1079 1234 ut
1105 1165 1264 1235 haeretici
1289 1165 1345 1235 vel
1371 1165 1480 1236 schis-

425 1282 546 1351 matici
563 1282 624 1372 qui
641 1281 718 1371 jam
737 1279 869 1350 Christi
894 1280 1110 1372 baptismum
1128 1280 1200 1351 illic
1219 1282 1314 1351 unde
1331 1282 1480 1351 veniunt

426 1405 648 1487 acceperunt,
676 1397 713 1464 in
742 1395 955 1465 catholicam
987 1397 1273 1466 communionem
1305 1419 1387 1466 cum
1417 1396 1480 1466 illo

426 1510 669 1592 admittantur,
687 1509 733 1579 ab
757 1532 873 1579 errore
900 1533 963 1580 suo
990 1513 1149 1592 correcti,
1167 1511 1204 1579 in
1225 1512 1373 1580 caritate
1389 1512 1481 1581 radi·

427 1627 496 1694 cati
514 1633 623 1716 atque
639 1625 799 1707 fundati3
827 1633 867 1693 ut
890 1625 986 1715 quod
1010 1626 1142 1693 attinet
1167 1625 1211 1695 ad
1236 1625 1403 1715 baptismi
1427 1648 1481 1696 sa·

428 1750 661 1821 crementum,
678 1761 751 1807 non
776 1739 867 1808 adsit
893 1739 988 1830 quod
1011 1739 1143 1818 deerat,
1166 1740 1228 1808 sed
1252 1741 1363 1831 prosit
1385 1741 1479 1831 quod

426 1857 552 1925 inerat.
605 1854 654 1923 Et
684 1855 810 1924 beatus
837 1853 1031 1946 Cyprianus
1062 1855 1206 1945 quidem
1229 1856 1306 1946 jam
1335 1878 1480 1947 corpore

428 1971 521 2061 quod
548 1969 785 2060 corrumpitur
809 1990 880 2036 non
905 1976 1120 2060 aggravante
1146 1969 1313 2054 animam,
1331 1991 1397 2038 nec
1421 1968 1479 2038 de-

426 2085 602 2177 primente
627 2093 767 2154 terrena
791 2081 1049 2152 inhabitatione
1078 2104 1220 2152 sensum
1247 2082 1362 2152 multa
1386 2082 1481 2176 cogi-

428 2207 574 2282 tantem,
605 2201 759 2271 serenius
790 2198 957 2292 perspicit
987 2199 1185 2278 veritatem,
1212 2220 1320 2289 quam
1349 2199 1634 2277 meruitsmlms.

427 2316 573 2407 adipisci
591 2339 654 2407 per
671 2317 866 2385 caritatem.
921 2312 1095 2405 'Adjuvet
1120 2314 1241 2405 itaque
1267 2336 1331 2384 nos
1351 2315 1481 2384 oratio·

470 2470 478 2493 ¹
497 2462 630 2537 [Angelis
656 2462 768 2537 quidem
794 2462 926 2536 cognitas
949 2480 996 2518 res
1021 2480 1092 2526 esse,
1115 2461 1228 2536 quaein
1253 2461 1337 2518 terris
1359 2481 1377 2517 a
1398 2460 1480 2517 nobis

430 2557 571 2624 aguntum
594 2556 655 2604 tum
675 2547 748 2604 affici
768 2566 818 2604 eos
839 2548 944 2621 gaudio
963 2557 1081 2622 propter
1101 2547 1317 2623 resipiscentem
1340 2557 1480 2605 eteorum

429 2635 526 2693 electis
550 2634 660 2708 angelis
684 2633 844 2708 adjuratum
869 2651 932 2690 esse
959 2633 994 2689 ab
1019 2633 1149 2707 apostolo
1172 2633 1370 2698 Timotheum
1393 2633 1481 2688 immo

423 2729 539 2797 propter
552 2720 651 2776 solatis
672 2719 789 2776 daeredm
810 2718 885 2776 mitti
905 2719 1033 2795 angelos,
1048 2727 1081 2775 ut
1099 2718 1135 2774 ad
1150 2718 1298 2793 Virginem
1314 2718 1437 2774 Mariam
1451 2721 1482 2775 et

429 2805 588 2879 apostolum
603 2805 737 2871 Petrum;
759 2814 842 2879 atque
857 2804 957 2861 influe
972 2803 1070 2860 mundi
1085 2803 1230 2860 ministros
1241 2804 1360 2878 justitiae
1370 2803 1481 2859 Divinae

429 2892 547 2967 angelos
568 2892 688 2956 futuros,
703 2891 791 2948 Sacra
805 2891 953 2966 Scriptura
974 2890 1108 2947 ostendit.
1151 2889 1268 2947 Cultum
1282 2909 1350 2947 vero
1371 2908 1480 2950 eorum,

429 2981 476 3049 τὴν
490 2980 637 3050 θρησκείαν,
652 2978 751 3034 eadem
772 2977 918 3052 Scriptura
938 2977 1055 3034 damnat
1077 2975 1275 3053 prohibetque,
1294 2986 1324 3034 et
1344 2975 1398 3033 soli
1419 2976 1481 3034 Deo

429 3064 562 3120 vindicat.
597 3063 700 3120 Coloas.
717 3064 757 3119 II.
777 3063 822 3119 18.
838 3071 867 3120 et
880 3062 1053 3119 Theodoret.
1067 3063 1097 3118 in
1111 3063 1164 3118 loc.

471 3148 593 3206 Sanctos
613 3168 708 3223 porro,
723 3149 771 3223 qui
791 3149 845 3204 huc
866 3149 925 3204 vita
945 3148 1073 3205 defuncti
1093 3155 1169 3213 sunt,
1185 3147 1259 3222 apud
1274 3147 1367 3203 Deum
1389 3148 1481 3204 adhuc

429 3235 533 3298 vivere,
562 3243 592 3291 et
624 3234 769 3310 Martyres
799 3234 927 3291 futurum
955 3233 1010 3290 Dei
1034 3232 1174 3307 judicium
1201 3233 1364 3307 implorare,
1394 3232 1483 3289 Sacra

431 3320 577 3395 Scriptura
601 3320 694 3377 docet.
737 3320 821 3377 Unde
845 3327 923 3377 recte
948 3319 1122 3377 credendum
1145 3327 1199 3384 est,
1221 3319 1337 3375 eosdem
1360 3318 1481 3376 Sanctos

430 3426 486 3463 nou
509 3415 619 3464 tantum
640 3426 692 3481 pro
714 3406 823 3481 seipsis,
846 3407 896 3463 sed
918 3407 1003 3464 etiarn
1025 3425 1077 3481 pro
1096 3405 1150 3462 Dei
1169 3404 1274 3479 populo
1295 3423 1376 3461 orare
1397 3413 1482 3479 atque

430 3493 527 3549 amicis
542 3496 608 3549 suis.
638 3493 774 3549 Attamen
788 3491 834 3548 vel
847 3493 919 3549 scire
930 3512 990 3557 eos,
1002 3512 1064 3567 quse
1076 3491 1245 3565 contingant
1255 3490 1337 3547 uobis
1347 3490 1377 3546 in
1387 3489 1481 3549 terris.

430 3579 475 3635 vel
497 3587 610 3635 nostras
633 3579 730 3635 audire
754 3596 863 3653 preces,
888 3597 1027 3652 nusquam
1052 3577 1190 3635 Canonici
1215 3575 1294 3632 Libri
1319 3575 1481 3633 declarantt

430 3665 535 3721 nedum
550 3665 653 3739 jubent
669 3683 722 3721 uos
736 3672 834 3739 petere
848 3664 884 3721 ub
898 3664 962 3729 illis,
979 3672 1009 3721 ut
1023 3683 1076 3738 pro
1091 3662 1174 3720 nobis
1188 3662 1281 3718 Deum
1296 3670 1388 3718 orent.
1430 3662 1482 3720 Sin

431 3751 486 3806 hoc
496 3750 688 3824 praestandum
699 3758 817 3807 censent
828 3749 923 3824 aliqui,
935 3751 1012 3824 quod
1024 3769 1082 3806 non
1093 3750 1205 3823 jussum
1217 3756 1269 3812 est,
1279 3747 1308 3804 id
1318 3755 1416 3804 tamen
1429 3767 1483 3804 nos

432 3853 530 3890 omnes
549 3835 634 3890 anxio
653 3835 747 3891 animo
768 3835 910 3892 recordari
930 3843 1055 3910 oportet,
1076 3834 1193 3892 Sacram
1213 3832 1401 3907 Scripturam,
1421 3852 1483 3907 quae

432 3921 548 3975 damnet
572 3922 619 3988 τὴν
644 3919 782 3992 θρησκείαν
806 3926 858 3975 τῶν
879 3921 1012 3993 ἀγγέλων,
1034 3919 1190 3994 religionem
1210 3919 1377 3993 augelorum,
1399 3922 1483 3993 prout

423 4004 524 4060 *versio
538 4004 666 4078 Vulgata
686 4006 872 4080 interpretata
889 4014 943 4070 est,
958 4006 1004 4061 vel
1021 4005 1156 4061 culturom
1175 4024 1283 4070 eorum,
1298 4012 1332 4062 ut
1344 4005 1482 4080 Augusti·

432 4109 495 4154 nus,
510 4091 657 4146 hominurn
672 4090 737 4147 ideo
749 4091 856 4147 cultum
871 4092 1033 4166 religiosum
1047 4101 1143 4148 vetare
1158 4091 1268 4166 angelis
1282 4092 1433 4148 minorum.

473 4176 587 4232 Interea
599 4176 674 4232 haud
686 4176 908 4233 obliviscendum
920 4188 974 4239 est,
986 4177 1137 4234 invaluisse
1148 4178 1232 4233 etiam
1243 4177 1382 4250 inprimis
1393 4176 1482 4233 eccle·

432 4262 480 4317 siae
505 4262 614 4318 saeculis
635 4262 806 4336 opinionem,
830 4282 914 4337 qnam
938 4263 1051 4319 firmare
1076 4263 1172 4319 studet
1196 4281 1229 4318 ex
1254 4261 1483 4318 Maccahaeorum

431 4347 504 4404 libro
519 4348 644 4403 secundo
659 4348 801 4423 Origenes
812 4349 1008 4405 Commentario
1022 4350 1050 4405 in
1062 4347 1094 4405 S.
1104 4350 1185 4405 Joon.
1200 4356 1229 4403 ct
1244 4346 1320 4409 olibi,
1332 4365 1396 4402 cum
1411 4347 1483 4403 scire

432 4442 492 4489 tum
511 4452 610 4491 curare
626 4433 759 4500 Sanctus,
775 4437 823 4511 qui
837 4437 884 4493 hic
898 4436 992 4493 vivere
1009 4434 1154 4499 desierint,
1169 4453 1216 4490 res
1230 4434 1378 4499 humanas,
1393 4432 1483 4507 iisque

433 4519 532 4575 solitos
546 4520 693 4578 interesse.
730 4522 802 4590 Quae
824 4522 935 4596 quidem
958 4521 1054 4595 opinio
1069 4519 1245 4576 occasionem
1261 4517 1339 4574 dedit
1352 4517 1483 4576 fidelibus

433 4605 563 4678 sperandi
579 4624 609 4663 se
630 4626 714 4681 posse
735 4607 862 4682 adjuvari
885 4608 914 4663 in
938 4606 1078 4681 angustiis
1099 4614 1183 4680 atque
1203 4604 1232 4660 in
1255 4604 1403 4661 conatibus
1424 4606 1482 4662 suis

432 4690 561 4763 precibus
583 4702 750 4768 martyrum,
765 4693 938 4766 aliorumque
953 4693 1088 4755 virorum,
1104 4690 1141 4747 ob
1163 4690 1264 4747 merita
1279 4690 1342 4746 Deo
1363 4690 1480 4748 dilecto·

908 4796 928 4836 s
945 4775 967 4837 k
986 4794 1003 4837 2
