3817 5692
504 686 570 750 802
679 684 765 749 ,DE
788 680 1173 747 REBAPTISMATE
1198 679 1359 745 LIBER.

503 854 652 929 Joannis
676 862 714 926 et
743 853 853 947 ipsius
879 852 1026 925 Domini
1055 852 1372 947 predicationibus,
1397 855 1559 947 quando-

504 972 649 1065 quidem
667 980 705 1042 et
717 970 755 1041 hi
772 972 848 1043 siue
865 992 992 1041 manus
1008 969 1234 1062 impositione
1250 968 1503 1064 apostolorum,
1517 980 1557 1042 et

505 1089 580 1161 sine
598 1088 748 1171 lavacro,
764 1086 859 1179 quod
876 1093 1001 1179 postea
1018 1086 1139 1178 adepti
1155 1094 1249 1170 sunt,
1265 1087 1416 1181 gratiam
1433 1109 1556 1179 repro-

504 1202 679 1275 missionis
695 1201 918 1295 acceperint;
944 1208 999 1272 ¹ot
1016 1202 1218 1273 emundatis
1240 1201 1405 1274 cordibus
1429 1225 1554 1273 eorum

506 1318 606 1390 Deus
622 1341 686 1411 per
701 1318 808 1389 fidem
825 1318 981 1409 ipsorum
999 1317 1110 1388 stiam
1132 1318 1375 1390 remissionem
1391 1326 1556 1410 peccato-

505 1458 585 1506 rum
602 1433 709 1506 simul
725 1434 775 1505 eis
792 1432 940 1527 largitus
962 1433 1019 1516 sit,
1037 1444 1078 1503 ut
1094 1432 1162 1503 hoc
1179 1433 1294 1504 solum
1311 1433 1363 1504 eis
1379 1433 1556 1526 baptisma

506 1550 724 1642 subsequens
745 1548 959 1641 praetiterit,
975 1558 1018 1619 ut
1043 1549 1304 1620 invocationem
1326 1572 1467 1642 quoque
1492 1572 1557 1619 no-

506 1667 612 1737 minis
637 1665 724 1736 Jesu
751 1664 884 1736 Christi
909 1664 1131 1758 acciperent3
1167 1686 1213 1734 ne
1239 1665 1325 1756 quid
1351 1665 1404 1736 eis
1432 1664 1557 1737 deesse

507 1782 686 1852 videretur
702 1782 746 1852 ad
764 1780 1009 1874 integritatem
1024 1779 1211 1850 ministerii
1229 1788 1267 1851 et
1283 1781 1377 1852 fidei.

558 1894 629 1967 VI.
655 1895 761 1980 Quod
783 1896 941 1979 etiams
964 1895 1140 1966 contrario
1160 1894 1273 1967 latere
1295 1904 1467 1968 tractatus
1488 1897 1558 1968 hu·

501 2013 572 2105 jus,
589 2019 672 2082 sunt
697 2012 878 2083 consecuti
903 2010 969 2105 ipsi
995 2008 1048 2081 illi
1073 2010 1234 2103 discipuli
1261 2011 1407 2083 Domini
1433 2014 1558 2098 nostri,

507 2148 613 2219 super
629 2147 717 2218 quos
732 2127 947 2218 jampridem
965 2126 1173 2220 baptizatos,
1190 2136 1369 2221 postremo
1386 2129 1443 2200 die
1462 2129 1558 2201 Pen-

507 2250 661 2313 tecostes
688 2242 892 2334 supervenit
918 2240 1072 2335 Spiritus
1098 2253 1251 2326 sanctus,
1274 2244 1459 2317 voluntate
1485 2244 1557 2316 Dei

507 2358 662 2451 quidem,
692 2381 763 2428 non
792 2380 856 2429 sua
883 2366 1009 2452 sponte
1038 2358 1129 2430 coelo
1162 2357 1290 2453 lapsus,
1320 2362 1383 2432 sed
1412 2361 1458 2433 ad
1487 2362 1558 2435 hoc

507 2471 624 2563 ipsum
650 2493 781 2542 munus
804 2472 983 2557 'effusum
1010 2472 1111 2544 sedat
1136 2496 1242 2566 super
1265 2498 1559 2568 unumquemque

507 2608 641 2658 eorum.
678 2585 769 2659 Cum
780 2587 870 2680 justi
881 2586 1095 2680 Jampridem
1113 2596 1155 2658 ut
1172 2587 1327 2659 diximus
1343 2589 1559 2682 baptismate

510 2702 657 2773 Domini
682 2704 830 2775 fuissent
851 2703 1031 2796 baptizati,
1054 2704 1146 2775 sieut
1166 2712 1203 2775 et
1227 2704 1294 2796 ipsi
1317 2704 1476 2797 apostoli,
1495 2707 1558 2798 qui

508 2831 629 2891 tamen
646 2842 769 2890 omnes
785 2819 983 2890 Dominum
1008 2827 1114 2891 nocta
1135 2843 1206 2911 qua
1230 2820 1468 2912 apprehensus
1490 2831 1558 2905 est,

508 2934 701 3005 deseruisse
722 2934 974 3005 inveniuntur:
1000 2942 1038 3005 et
1054 2934 1115 3005 ille
1131 2934 1217 3027 ipse,
1235 2935 1295 3027 qui
1313 2936 1483 3029 gloriatus
1501 2947 1559 3009 cst

509 3060 812 3143 perseveraturum
838 3074 877 3122 se
903 3050 940 3120 in
966 3073 1029 3121 sua
1054 3051 1135 3133 fida,
1163 3048 1301 3133 Petrus,
1328 3060 1366 3122 et
1390 3052 1560 3124 adversus

509 3165 617 3257 ipsius
634 3165 780 3235 Domini
801 3165 1009 3257 preadictum
1035 3165 1310 3237 obstinatissime
1335 3168 1558 3261 repugnavit,

508 3291 687 3375 postremo
710 3291 831 3352 tamen
854 3304 938 3353 eum
959 3280 1069 3352 etiam
1086 3281 1251 3375 negavit3
1276 3291 1318 3351 ut
1335 3282 1403 3352 hac
1419 3282 1560 3354 ratione

509 3401 754 3470 ostenderetur
770 3398 881 3480 nobis,
894 3420 973 3490 quae
989 3396 1108 3468 medio
1120 3405 1282 3489 tempore
1295 3421 1436 3490 quoquo
1449 3400 1559 3471 modo

508 3522 776 3588 ³contraxerant
789 3512 929 3597 delicta,
943 3514 1068 3584 eadam
1081 3512 1156 3584 haec
1174 3513 1210 3583 in
1228 3514 1279 3584 eis
1296 3514 1384 3584 ⁴fide
1400 3522 1562 3607 postmo-

551 3687 602 3736 ¹et
617 3677 790 3751 emundatis]
807 3685 834 3734 et
847 3679 888 3734 sic
897 3676 983 3752 poulo
996 3676 1228 3734 autemdotis.
1271 3675 1317 3733 Ita
1331 3676 1471 3733 Baluzius.
1508 3677 1561 3733 Ri-

509 3777 623 3853 galoius,
649 3783 675 3833 et
698 3775 843 3841 inundatis,
868 3774 1043 3833 intermediis
1067 3774 1200 3833 omissis:
1229 3775 1305 3850 quod
1332 3774 1424 3850 magis
1450 3774 1559 3848 placet.

509 3875 605 3933 Oxon.
626 3884 653 3931 et
673 3873 829 3932 emundatis.
852 3872 1024 3930 Gauianus.
1064 3872 1146 3931 Edit.
1171 3872 1250 3930 Oros
1272 3880 1386 3930 secunus
1405 3891 1478 3930 sum.
1522 3872 1561 3932 In

512 3972 661 4030 Baluzicna
675 3971 870 4046 typographus
884 3969 1049 4028 Purisiensis
1062 3970 1177 4028 erravit.

549 4067 707 4141 'effusum]
730 4067 824 4125 Facile
847 4066 988 4125 assentior
1012 4066 1105 4125 eidem
1124 4067 1186 4124 viro
1210 4067 1385 4135 doctissimo,
1407 4065 1455 4142 qui
1474 4076 1562 4142 putat

509 4164 609 4241 reponi
627 4164 731 4223 debere
743 4165 855 4238 effosas
879 4163 994 4221 Bsauz.
1036 4165 1139 4223 Sedens
1153 4183 1264 4240 quoque
1278 4164 1416 4240 procedet
1430 4164 1559 4223 scriben-

511 4262 579 4319 dum
592 4253 714 4318 videtur.
755 4260 870 4318 Dictum
892 4260 978 4326 istud,
997 4260 1032 4317 de
1050 4259 1157 4336 Spiritu
1180 4261 1255 4336 quod
1275 4260 1418 4336 praecedit,
1433 4279 1485 4318 son
1504 4279 1560 4320 suo

511 4367 614 4433 sponte,
627 4357 704 4415 haud
725 4356 861 4433 intelligo.
904 4356 1036 4416 Proxime
1056 4366 1122 4435 post
1144 4358 1277 4416 amendat
1298 4358 1393 4416 locum
1415 4358 1561 4433 Rigaltius

509 4455 633 4531 legendo
647 4455 696 4512 isti
709 4455 850 4532 projuati.

511 4605 515 4610 .
550 4558 559 4590 ⁸
572 4553 787 4628 contraxerant]
805 4551 871 4611 For.
885 4561 1027 4611 contractu
1041 4562 1129 4611 mast.

550 4648 629 4706 ‘fide
652 4650 834 4724 postmodum
860 4650 1012 4725 sincerata]
1037 4652 1084 4710 Ad
1107 4651 1300 4710 sinceritatem
1324 4650 1451 4709 reducta.
1493 4648 1561 4709 Mel
