3817 5692
503 656 567 718 252
871 652 904 713 S.
921 650 1192 713 AUGUSTINI

502 826 607 896 nibus
632 823 703 895 suis
728 824 764 894 iu
791 824 892 893 istius
919 824 1033 893 carnis
1059 822 1288 906 mortalitate,
1305 831 1490 915 tamquam
1518 826 1559 893 in

503 943 694 1036 caliginosa
731 942 826 1011 nube
865 941 1076 1023 laborantes,
1116 951 1158 1010 ut
1196 942 1349 1011 donante
1383 940 1558 1022 Domino,

504 1067 676 1151 quantum
707 1079 900 1149 possumus,
927 1057 1021 1127 bona
1049 1058 1125 1146 ejus
1154 1056 1345 1126 imitemur.
1396 1055 1434 1126 Si
1466 1057 1560 1148 quid

503 1183 623 1243 autem
645 1173 749 1244 aliter
771 1174 890 1255 sensit,
909 1180 946 1242 et
969 1172 1179 1262 quibusdam
1203 1171 1369 1241 fratribus
1391 1170 1561 1264 collegis·

504 1311 573 1379 que
590 1289 772 1380 persuasit,
790 1288 885 1378 quod
908 1309 1003 1356 nunc
1025 1309 1069 1357 eo
1091 1308 1197 1377 quem
1219 1286 1344 1356 dilexit
1370 1286 1560 1357 revelante

498 1405 576 1495 jam
593 1404 716 1483 cernit,
734 1425 798 1472 nos
819 1401 924 1495 longe
946 1403 1098 1492 impares
1119 1402 1255 1471 meritis
1276 1402 1360 1484 suis,
1379 1400 1559 1473 Ecclesiae

505 1527 625 1587 tamen
652 1517 834 1589 catholicae
861 1518 1120 1596 auctoritatem,
1143 1516 1243 1606 cnjus
1267 1516 1343 1606 ipse
1368 1516 1558 1609 egregium

505 1642 542 1703 et
559 1633 811 1704 eclarissimum
827 1630 1028 1700 membrum
1046 1638 1111 1711 est,
1129 1653 1193 1721 pro
1210 1638 1329 1700 nostra
1345 1630 1559 1700 infirmitate

505 1757 692 1828 sectantes,
715 1747 880 1819 adversus
906 1746 1089 1816 haereticos
1115 1743 1171 1814 vel
1199 1743 1439 1814 schismaticos
1467 1768 1559 1814 eno-

504 1865 648 1934 demus:
675 1885 763 1954 quos
792 1862 956 1954 praecisos
985 1862 1031 1931 ab
1060 1861 1199 1930 unitate
1229 1883 1334 1951 quam
1360 1861 1486 1942 tenuit,
1514 1869 1558 1931 et

565 2063 578 2094 e
592 2052 711 2129 Aliquot
725 2050 814 2108 MSS.
830 2024 1010 2108 wrissimuiu.
1053 2051 1170 2124 (Itidem
1184 2050 1275 2106 codex
1290 2050 1362 2106 alter
1376 2051 1478 2120 mens.)
1490 2041 1492 2046 ¹

504 2226 590 2272 rum;
626 2205 885 2264 increbrescentibus
921 2222 1007 2278 porro
1042 2203 1196 2277 antiquitus
1232 2203 1448 2270 narrationibus,
1487 2222 1556 2277 qum

504 2293 696 2356 ostenderent,
712 2292 788 2365 ipsos
809 2291 951 2347 interdum
967 2290 1089 2347 Sanatos
1106 2297 1265 2363 operantes,
1281 2309 1339 2345 nou
1357 2299 1470 2346 orantes
1484 2298 1553 2346 tan-

503 2386 574 2440 tum,
585 2377 721 2434 beneficia
734 2377 896 2434 hominibus
910 2376 1015 2431 Divino
1029 2375 1133 2431 auxilio
1147 2375 1286 2432 conferre.

545 2463 592 2526 Et,
605 2482 640 2518 ne
652 2462 743 2519 dicam
754 2462 904 2519 nonnullos
915 2460 1075 2535 Scriptores
1089 2461 1168 2517 affari
1182 2462 1324 2518 interdum
1337 2461 1413 2535 ipsos
1422 2460 1554 2526 Coelites,

503 2557 616 2605 constat
629 2549 722 2622 palam
741 2568 774 2605 aa
791 2548 903 2623 publice
921 2548 1095 2621 postulatum
1109 2566 1171 2603 esse
1191 2547 1226 2603 ab
1241 2548 1313 2621 Imp.
1327 2547 1488 2604 Theodosio
1502 2547 1552 2605 M.

503 2632 949 2709 S.JoannisBaptistoeauxilium.
963 2635 1069 2691 Verum
1078 2634 1107 2688 in
1113 2634 1387 2691 Ante-Nicanorum
1396 2633 1474 2688 libris
1482 2652 1555 2690 nus-

502 2739 587 2794 quam
601 2722 634 2777 fit
647 2721 754 2779 mentio
769 2730 817 2777 aut
827 2720 1011 2777 formularum
1025 2720 1055 2775 in
1069 2719 1182 2793 publico
1196 2721 1274 2777 cultu
1288 2719 1485 2784 adhibiturum,
1497 2738 1554 2776 seu

502 2807 671 2881 scriptarum
686 2826 736 2864 seu
749 2827 806 2865 uon
821 2808 998 2881 scriptarum,
1010 2814 1058 2862 aut
1073 2807 1193 2863 ullomm
1206 2807 1396 2882 Hymnorum,
1408 2806 1435 2861 in
1447 2805 1554 2879 quibus

503 2892 601 2950 Sancti
619 2893 655 2949 ad
669 2894 901 2950 intercedendum
915 2911 980 2948 cum
994 2890 1057 2948 Deo
1076 2892 1252 2949 invocantur.
1295 2894 1328 2948 ln
1343 2893 1504 2968 Martyrum
1520 2901 1553 2949 et

501 2980 621 3037 aliorum
636 2980 794 3055 Epitaphiis
809 2979 967 3037 istiusmodi
981 2980 1132 3053 petitiones
1145 2981 1190 3037 vel
1204 2981 1354 3037 rarissimae
1369 2989 1444 3036 sunt.

543 3068 587 3123 De
597 3068 642 3124 his
653 3076 746 3124 autem
757 3068 842 3123 rebus
854 3067 942 3123 habes
957 3066 989 3123 S.
999 3068 1201 3141 Augustinum,
1212 3067 1259 3141 qui
1270 3068 1316 3123 bic
1327 3076 1407 3141 optat
1420 3067 1552 3141 adjuvari

503 3154 639 3228 Cypriani
655 3153 795 3227 precibus,
810 3152 950 3210 simillime
972 3172 1005 3209 ac
1025 3153 1155 3226 precibus
1176 3154 1302 3227 adjuvari
1318 3152 1466 3210 Bradfordi
1480 3162 1551 3226 post

502 3251 623 3296 mortem
639 3241 700 3314 ejus
717 3249 812 3314 sperat
827 3240 963 3303 Ridleius,
978 3239 1044 3296 alibi
1065 3240 1106 3295 ita
1121 3239 1324 3303 disserentem
1355 3239 1393 3296 Se
1415 3239 1551 3295 nimirum

502 3327 654 3383 decernere
681 3345 738 3382 non
766 3346 866 3382 ausum
890 3344 963 3390 esse,
987 3326 1223 3400 quemadmodum
1248 3326 1347 3384 Sancti
1374 3326 1552 3400 opitulentur

502 3411 673 3475 hominibus,
688 3420 783 3468 utrum
802 3430 853 3489 per
871 3429 901 3468 se
919 3411 997 3484 ipsos
1014 3412 1117 3477 adsint,
1132 3431 1168 3467 au
1183 3412 1249 3486 ipsis
1263 3416 1289 3469 iu
1305 3415 1362 3468 loco
1376 3414 1431 3469 suis
1445 3413 1550 3467 meritis

501 3515 620 3571 conqruo
633 3497 667 3552 ab
682 3500 754 3553 omui
770 3500 926 3554 aaartalium
944 3499 1144 3554 cooperatione
1156 3502 1274 3562 remotis,
1288 3508 1315 3555 et
1329 3508 1417 3555 tarueu
1430 3516 1547 3573 qenero-

501 3583 563 3638 liter
577 3582 715 3638 orantibus
729 3601 781 3656 pro
800 3585 953 3657 iudiqeutiis
969 3586 1190 3658 supplicantium,
1207 3586 1289 3655 (sicut
1306 3605 1354 3642 uos
1371 3603 1480 3641 oramus
1494 3602 1550 3655 pro

499 3670 622 3733 mortuis,
648 3668 743 3740 quibus
767 3671 859 3742 utique
882 3687 936 3723 nou
957 3676 1163 3742 maeseutamur,
1188 3688 1236 3725 uec
1261 3671 1306 3725 ubi
1332 3673 1386 3726 sint
1410 3672 1453 3724 uel
1480 3672 1549 3741 quid

499 3760 586 3824 agant
599 3755 708 3824 scimus)
727 3754 802 3809 Deus
816 3758 983 3828 outuipoteus
1000 3757 1047 3827 qui
1064 3762 1103 3810 est
1121 3755 1219 3827 ubique
1237 3774 1361 3829 praeseus,
1376 3775 1424 3812 uec
1438 3774 1546 3812 concre-

501 3847 545 3894 tus
569 3839 653 3902 uobis,
677 3858 726 3895 uec
748 3849 866 3896 remotam
890 3860 907 3895 a
931 3841 1016 3905 uobis,
1041 3843 1186 3897 exaudiens
1212 3850 1362 3914 ruartyrum
1382 3862 1473 3915 preces
1494 3861 1549 3914 per

500 3924 633 3997 Aspelica
661 3927 809 3981 ministeria
838 3944 1026 3999 usquequaque
1051 3925 1151 4000 diffusa
1175 3928 1296 3998 praebeat
1319 3929 1466 3984 tonitrubus
1491 3930 1547 3983 ista

500 4011 608 4073 solatia,
633 4011 730 4083 quibus
752 4012 781 4066 in
806 4011 888 4083 hujus
910 4014 972 4068 uita
995 4014 1108 4068 miseriis
1123 4013 1236 4084 judicat
1260 4032 1315 4071 esse
1334 4016 1497 4089 prebenda,
1518 4023 1547 4070 et

499 4112 609 4151 suorum
622 4096 719 4151 merim
732 4105 882 4170 martyrum
896 4097 942 4154 ubi
954 4097 1022 4163 uult,
1036 4100 1140 4172 quando
1153 4099 1221 4161 uult,
1236 4101 1363 4173 quomodo
1376 4100 1444 4166 vult,
1459 4101 1546 4155 mari-

500 4198 592 4254 meque
597 4199 651 4253 per
658 4199 748 4238 eorum
759 4184 909 4247 manerias,
920 4185 995 4256 (quae
1005 4192 1072 4239 sunt
1082 4185 1158 4239 aedes
1169 4193 1198 4240 et
1206 4186 1330 4241 aediculae
1340 4186 1401 4241 Deo
1411 4204 1505 4248 sacrae,
1516 4186 1547 4242 in

500 4264 666 4321 memoriam
680 4275 836 4341 martyrum
850 4276 961 4332 erectae,
975 4269 1004 4324 in
1022 4268 1123 4341 quibus
1142 4268 1202 4325 sitae
1217 4279 1284 4325 sunt
1296 4270 1419 4343 reliquiae
1433 4273 1546 4342 eorum)

500 4351 624 4424 quoniam
639 4351 689 4407 boc
702 4352 775 4408 uouit
789 4355 915 4427 expedire
928 4353 1004 4410 nobis
1021 4356 1058 4410 ad
1074 4356 1257 4429 (edificandam
1267 4356 1351 4430 fidem
1367 4355 1480 4417 Christi,
1491 4376 1547 4429 pro

500 4436 577 4507 cujus
590 4435 634 4491 illi
647 4437 814 4510 consessione
823 4447 885 4494 sunt
895 4438 983 4512 passi,
995 4440 1116 4496 mirabili
1129 4449 1210 4514 atque
1223 4441 1355 4513 iueffabili
1366 4449 1499 4513 potestate
1512 4460 1547 4497 ac

500 4519 618 4577 bonitate
640 4524 808 4580 commendet.
852 4524 899 4579 De
924 4526 997 4581 Cura
1021 4525 1080 4581 Pro
1102 4526 1228 4582 Mortuis
1253 4526 1386 4589 Gereuda,
1412 4546 1472 4600 cap.
1497 4527 1545 4583 28.

500 4622 550 4661 seu
567 4607 611 4662 16.
626 4627 653 4681 p.
664 4608 733 4682 528.
748 4618 817 4665 tom.
827 4609 863 4664 V.
878 4609 947 4667 edit.
963 4610 1166 4669 Benedictinoe.
1199 4614 1360 4670 assumitur
1373 4614 1419 4670 hic
1433 4614 1468 4670 ab
1483 4614 1543 4668 Au-

500 4691 616 4760 gustino
631 4693 828 4751 miraculorum
844 4696 1020 4769 quorundam
1037 4704 1104 4754 ante
1117 4717 1134 4754 a
1148 4717 1178 4754 se
1193 4708 1370 4755 narratorum
1385 4699 1511 4769 veritas]
