3817 5692
643 652 888 715 RESPONSA
912 652 979 714 AD
1003 652 1268 716 EPlSCOPOS.
1411 654 1474 718 251

427 821 576 893 concilio
593 824 637 893 de
654 823 720 894 hac
738 847 776 893 re
793 823 993 917 litterisque
1011 826 1257 916 comperimus,
1274 825 1365 895 hanc
1383 848 1479 896 eam-

427 940 508 1008 dem
532 939 764 1028 quaestionem
788 938 970 1030 aliquanto
992 940 1126 1009 diutius
1144 948 1327 1032 tamquam
1350 942 1387 1009 in
1405 963 1479 1010 ma-

425 1053 529 1123 nibus
546 1076 693 1135 versare,
712 1062 749 1123 et
773 1054 960 1124 ostendere
986 1076 1093 1145 qnam
1114 1055 1231 1125 verius
1255 1056 1477 1126 universitati

427 1167 596 1239 Ecclesiae
624 1169 807 1239 catholicae
835 1171 1019 1261 placuerit,
1038 1178 1079 1239 ut
1105 1169 1264 1240 haeretici
1289 1171 1345 1240 vel
1371 1172 1480 1243 schis-

425 1285 547 1354 matici
564 1286 624 1375 qui
642 1284 719 1375 jam
737 1283 869 1354 Christi
893 1285 1109 1376 baptismum
1128 1284 1201 1355 illie
1219 1287 1314 1356 unde
1331 1288 1480 1356 veniunt

426 1408 647 1491 acceperunt,
677 1401 713 1468 in
742 1398 956 1470 catholicam
987 1402 1274 1470 communionem
1306 1423 1388 1472 cum
1418 1401 1480 1471 illo

426 1514 669 1595 admittantur,
688 1513 732 1582 ab
757 1536 873 1583 errore
899 1536 963 1584 suo
990 1517 1149 1597 correcti,
1168 1516 1204 1584 in
1225 1518 1373 1586 caritate
1389 1518 1481 1587 radi-

427 1630 496 1698 cati
514 1638 623 1719 atque
639 1629 798 1710 fundati3
826 1638 867 1698 ut
890 1630 985 1719 quod
1010 1629 1142 1698 attinet
1167 1630 1211 1699 ad
1237 1631 1403 1721 baptismi
1427 1654 1481 1702 sa·

428 1753 660 1824 crementum,
679 1765 750 1811 non
776 1744 867 1812 adsit
893 1742 989 1834 quod
1011 1744 1143 1823 deerat,
1166 1745 1229 1813 sed
1251 1746 1363 1836 prosit
1385 1746 1480 1837 quod

426 1860 552 1929 inerat.
606 1858 654 1927 Et
684 1859 809 1929 beatus
836 1857 1031 1951 Cyprianus
1062 1860 1206 1950 quidem
1230 1860 1306 1951 jam
1335 1883 1480 1952 corpore

427 1973 521 2064 quod
548 1973 785 2064 corrumpitur
808 1995 880 2041 non
904 1982 1120 2065 aggravante
1146 1973 1313 2059 animam,
1330 1995 1397 2043 nec
1420 1974 1479 2044 de-

426 2089 602 2180 primente
626 2096 766 2158 terrena
790 2087 1049 2157 inhabitatione
1078 2109 1219 2157 sensum
1247 2088 1362 2157 multa
1386 2087 1481 2181 cogi·

427 2210 574 2286 tantem,
605 2205 758 2274 serenius
789 2203 956 2295 perspicit
986 2203 1184 2283 veritatem,
1212 2226 1319 2294 quam
1348 2204 1633 2283 mentite-plan.

427 2319 573 2410 adipisci
590 2342 653 2411 per
671 2320 865 2389 caritatem.
920 2317 1094 2409 'Adjuvet
1119 2319 1241 2409 itaque
1266 2341 1330 2389 nos
1351 2319 1480 2389 oratio-

469 2473 477 2496 ¹
496 2466 630 2540 [Angelis
655 2466 767 2540 quidem
793 2467 925 2541 cognitas
949 2484 995 2522 res
1020 2485 1092 2530 esse,
1114 2484 1176 2540 quae
1199 2466 1228 2522 in
1252 2465 1336 2523 terris
1358 2486 1376 2522 a
1397 2465 1480 2523 nobis

430 2561 571 2627 aguntur;
593 2561 655 2608 tum
674 2550 746 2608 affici
767 2571 817 2609 eos
838 2552 943 2625 gaudio
962 2561 1079 2626 propter
1100 2552 1316 2627 resipiscentes;
1340 2563 1370 2610 et
1383 2570 1480 2609 coram

428 2638 525 2695 electis
549 2638 659 2711 angelis
683 2637 844 2712 adjuratum
869 2655 931 2694 esse
958 2637 993 2694 ab
1019 2637 1148 2712 apostolo
1171 2638 1369 2703 Timotheum
1391 2638 1480 2694 immo

422 2733 539 2799 propter
551 2724 650 2779 salutis
671 2723 789 2780 heredes
809 2723 884 2780 mitti
904 2724 1033 2799 angelos,
1048 2733 1080 2780 ut
1098 2723 1134 2779 ad
1149 2724 1298 2798 Virginem
1314 2723 1435 2779 Mariam
1450 2727 1481 2780 et

428 2809 588 2882 apostolum
603 2808 736 2874 Petrum;
757 2817 842 2882 atque
856 2808 885 2864 in
900 2809 957 2865 fine
970 2807 1069 2864 mundi
1084 2807 1230 2864 ministros
1240 2809 1359 2883 justitiae
1370 2808 1480 2865 Divinas

429 2896 547 2970 angelos
567 2895 687 2959 futuros,
702 2894 790 2951 Sacra
805 2894 952 2969 Scriptura
973 2895 1107 2951 ostendit.
1150 2894 1267 2951 Cultum
1282 2914 1349 2951 vero
1371 2913 1479 2955 eorum,

428 2984 475 3051 τὴν
489 2983 636 3053 θρησκείαν,
651 2981 750 3038 eadem
772 2981 918 3055 Scriptura
938 2981 1054 3037 damnat
1076 2980 1274 3055 prohibetque,
1294 2990 1323 3038 et
1344 2981 1397 3037 soli
1418 2982 1480 3039 Deo

429 3068 561 3123 vindicat,
597 3066 699 3123 Coloss.
716 3066 756 3123 Il.
776 3067 821 3124 18.
837 3076 866 3123 et
879 3066 1052 3124 Theodoret.
1066 3068 1096 3123 in
1109 3067 1163 3122 loc.

470 3152 592 3209 Sanctus
612 3171 707 3226 porro,
723 3153 769 3226 qui
790 3152 844 3208 hac
865 3153 924 3209 rita
944 3151 1071 3209 defuncti
1092 3160 1168 3216 sunt,
1183 3153 1258 3226 apud
1273 3152 1366 3208 Deum
1388 3152 1481 3209 adhuc

429 3238 532 3302 vivere,
561 3247 590 3294 et
623 3239 768 3314 Martyres
799 3238 926 3295 futurum
953 3237 1008 3294 Dei
1032 3237 1172 3312 judicium
1199 3237 1363 3311 implorare,
1393 3237 1482 3295 Sacra

430 3323 576 3398 Scriptura
600 3325 692 3381 docet.
735 3324 820 3381 Unde
844 3333 922 3381 recte
947 3324 1121 3380 credendum
1144 3332 1198 3388 est,
1220 3325 1336 3380 eosdem
1359 3323 1481 3381 Sanctos

429 3429 485 3466 non
507 3418 618 3467 tanturn
639 3429 691 3484 pro
712 3410 822 3484 seipsis,
845 3411 895 3466 sed
917 3410 1002 3467 etiam
1023 3429 1076 3484 pro
1095 3410 1148 3465 Dei
1167 3409 1273 3483 populo
1294 3419 1480 3484 orarentque

429 3496 526 3552 amicis
540 3499 607 3552 suis.
637 3497 773 3553 Attamen
787 3496 833 3552 vel
846 3497 918 3553 scire
929 3515 989 3561 eos,
1001 3516 1063 3570 quae
1075 3496 1244 3569 contingant
1254 3495 1336 3552 nobis
1347 3494 1375 3551 in
1386 3495 1480 3553 terris.

429 3582 473 3638 vel
496 3591 608 3638 nostras
632 3583 729 3639 audire
752 3600 861 3656 preces,
887 3601 1027 3656 nusquam
1050 3582 1188 3638 canonici
1214 3580 1293 3637 Libri
1318 3581 1479 3639 declarautt

429 3668 533 3723 nedum
549 3667 651 3742 jubent
668 3687 721 3724 nos
735 3676 832 3741 petere
847 3668 882 3725 ab
897 3668 961 3733 illis,
977 3676 1008 3724 ut
1022 3686 1075 3741 pro
1089 3665 1172 3725 nobis
1186 3667 1279 3723 Deum
1296 3675 1387 3723 orent.
1429 3666 1481 3724 Sin

430 3753 484 3808 hoc
495 3753 686 3826 praestandum
698 3762 816 3810 censent
827 3753 922 3827 aliqui,
934 3754 1010 3828 quod
1023 3773 1081 3810 non
1092 3754 1205 3827 jussum
1215 3761 1268 3815 est,
1277 3752 1307 3808 id
1317 3760 1414 3809 tamen
1428 3772 1482 3809 nos

430 3856 530 3893 omnes
548 3837 632 3894 anxio
651 3838 745 3893 animo
766 3839 909 3895 recordari
929 3847 1053 3912 oportet,
1075 3837 1192 3895 Sacram
1212 3836 1399 3911 Scripturam,
1419 3856 1482 3911 quoe

431 3923 547 3977 damnet
571 3924 617 3991 τὴν
643 3922 781 3995 θρησκείαν
805 3929 857 3979 τῶν
878 3925 1009 3997 ἀγγέλων,
1033 3923 1188 3998 religionem
1209 3924 1375 3998 angelorum,
1397 3926 1482 3998 prout

421 4005 523 4063 xversio
537 4006 664 4080 Vulgata
684 4009 869 4084 interpretata
888 4018 941 4075 est,
955 4009 1002 4065 vel
1019 4009 1154 4065 culturum
1173 4027 1282 4074 eorum,
1298 4018 1330 4066 ut
1343 4010 1481 4085 Augusti-

430 4112 494 4156 nus,
508 4093 656 4149 hominum
671 4093 735 4149 ideo
747 4095 854 4151 cultum
869 4095 1031 4170 religiosum
1045 4104 1141 4153 vetare
1156 4095 1267 4170 angelis
1281 4096 1432 4152 minorum.

472 4178 585 4235 Interea
597 4178 673 4235 haud
685 4179 906 4237 obliviscendum
918 4190 972 4243 est,
984 4181 1135 4238 invaluisse
1146 4181 1231 4238 etiam
1242 4181 1272 4236 in
1282 4181 1381 4255 primis
1391 4181 1481 4238 eccle·

431 4265 478 4320 siae
504 4264 612 4321 saeculis
633 4265 804 4339 opinionem,
828 4286 912 4340 quarn
936 4267 1050 4323 firmare
1075 4267 1171 4323 studet
1194 4286 1228 4323 ex
1253 4266 1482 4323 Maccahaeorum

430 4351 503 4406 libro
518 4351 642 4408 secundo
657 4351 800 4426 Origenes
811 4352 1006 4409 Commentario
1021 4355 1048 4409 in
1060 4352 1092 4410 S.
1102 4354 1184 4411 Jocn.
1199 4361 1228 4408 et
1242 4352 1318 4414 alibi,
1331 4371 1395 4407 cum
1410 4351 1482 4408 scire

430 4447 491 4492 tum
510 4456 608 4493 curare
624 4437 758 4504 Sanctos,
774 4440 821 4514 qui
835 4440 882 4496 hic
896 4440 990 4497 vivere
1007 4439 1152 4506 desierint,
1168 4458 1214 4495 res
1228 4438 1377 4503 humanas,
1392 4438 1481 4512 iisque

432 4522 530 4577 solitos
544 4523 691 4581 interesse.
728 4526 800 4593 Quae
822 4526 933 4599 quidem
956 4526 1052 4599 opinio
1067 4525 1244 4581 occasionem
1259 4523 1337 4579 dedit
1351 4523 1481 4581 fidelibus

431 4607 562 4681 sperandi
578 4626 608 4664 se
628 4628 712 4682 posse
734 4611 860 4686 adjuvari
884 4613 913 4668 in
936 4611 1076 4686 angustiis
1097 4620 1181 4684 atque
1202 4609 1231 4665 in
1253 4609 1401 4666 conatibus
1422 4611 1481 4667 suis

431 4692 560 4766 precibus
581 4703 748 4770 martyrum,
763 4696 937 4770 aliorumque
951 4697 1087 4760 virorum,
1102 4695 1139 4752 ob
1161 4696 1262 4752 merita
1278 4694 1340 4751 Deo
1361 4695 1478 4752 dilecto·

906 4799 927 4840 rt
943 4779 1001 4841 ka
