3817 5692
613 693 856 755 RESPONSA
881 692 948 755 ΑΙ)
973 693 1237 756 EPISCOPOS.
1416 690 1477 754 :261

427 868 530 936 tismo
551 867 693 950 mutati,
711 866 796 934 dum
820 864 947 934 saeculo
966 866 1081 934 verbis
1107 863 1189 934 solis
1215 872 1252 934 et
1278 886 1349 932 non
1368 863 1477 940 factis

426 982 639 1062 renuntiant,
658 980 703 1049 ad
720 980 880 1049 membra
898 977 1065 1050 Ecclesiae
1084 977 1287 1072 pertinent?
1315 975 1475 1049 Videant

426 1097 453 1165 ai
473 1096 547 1187 ipsa
563 1103 618 1164 est
636 1094 696 1164 illa
713 1103 822 1186 petra,
841 1096 870 1163 si
896 1095 972 1186 ipsa
996 1104 1051 1164 est
1076 1093 1250 1175 columba,
1268 1094 1297 1163 si
1321 1094 1396 1185 ipsa
1420 1103 1475 1165 cst

426 1233 552 1302 sponsa
568 1212 644 1279 sine
661 1208 799 1278 macula
817 1217 854 1278 et
872 1232 970 1302 ruga.

477 1324 609 1394 Paulus
636 1347 657 1394 a
680 1324 806 1393 Babba
832 1324 941 1393 dixit:
968 1322 1032 1393 Mc
1059 1346 1127 1393 non
1155 1330 1263 1393 movet
1288 1323 1322 1392 ai
1348 1321 1601 1416 aliquiacff,.1.

425 1438 592 1510 Ecclesiae
597 1437 707 1530 fidem
726 1438 948 1508 alacritatem
966 1460 1034 1507 non
1053 1436 1214 1519 niardicot,
1229 1435 1366 1530 wando
1377 1436 1409 1506 Α
1412 1460 1476 1531 po-

426 1550 531 1621 stolus
548 1549 652 1631 dicct,
667 1548 763 1637 Quid
778 1550 880 1632 enim,
895 1551 978 1642 prtia
995 1550 1196 1620 ecciderunt
1213 1574 1235 1620 a
1241 1549 1317 1642 fide
1334 1549 1474 1644 quidam
1486 1561 1556 1608 nom
1569 1559 1603 1607 aa.
1617 1574 1639 1621 a

428 1663 577 1745 illoram,
604 1663 773 1757 :satrapa-id
799 1663 985 1756 iafidelitus
1013 1664 1149 1735 illmuau
1170 1663 1279 1758 fidem
1303 1664 1376 1735 Dei
1402 1643 1507 1737 coa*

428 1780 573 1851 munic?
614 1777 739 1849 Absit:
766 1788 814 1849 est
844 1780 934 1849 enim
960 1778 1058 1849 Deus
1087 1781 1477 1863 sanctemonialem

428 1894 528 1966 horno
553 1893 712 1965 meretur.
763 1895 809 1968 Si
834 1902 945 1964 aulem
970 1894 1068 1966 Deua
1094 1919 1202 1966 cerua
1226 1904 1284 1978 cat,
1311 1895 1477 1989 puoaaodc

429 2011 523 2106 apud
538 2009 716 2081 laceratione
735 2009 897 2104 baptismi
913 2011 1039 2081 ceritas
1059 2035 1129 2082 ease
1149 2020 1266 2104 potest,
1284 2009 1379 2104 apud
1393 2034 1477 2104 quos

429 2125 527 2197 Deua
543 2149 612 2196 noa
630 2127 711 2195 cst?

481 2242 576 2311 Huic
608 2241 857 2333 respondetur:
886 2239 1006 2321 Quid?
1033 2243 1127 2331 apud
1151 2264 1273 2312 avaros
1302 2244 1474 2333 numquid

430 2367 484 2426 eat
502 2356 624 2427 Deus?
656 2354 704 2424 Et
722 2364 842 2424 tamen
860 2365 914 2423 est
931 2355 1145 2446 baptismus:
1172 2358 1276 2426 itaet
1295 2359 1387 2448 apud
1405 2357 1477 2425 hae·

430 2473 568 2540 reticos.
620 2469 726 2561 Apud
755 2492 841 2559 quos
868 2470 964 2537 enim
988 2468 1087 2539 Deus
1114 2482 1178 2552 est,
1205 2471 1379 2564 templum
1407 2470 1476 2540 Dei

430 2597 525 2654 sunt.
576 2584 663 2666 Quae
688 2595 809 2653 aut-em
836 2584 1043 2674 compositio
1064 2585 1199 2676 templo
1217 2584 1285 2654 Dei
1304 2609 1384 2655 cum
1403 2586 1607 2655 ido-acuat.

432 2696 497 2766 lis?
525 2697 634 2765 Porro
658 2699 850 2776 avaritiam,
870 2695 1104 2767 idololatriam
1124 2697 1255 2768 Paulus
1273 2700 1390 2779 sentit,
1410 2663 1526 2789 (ly-'⁶'

430 2812 571 2902 prianus
597 2813 783 2893 consentit,
805 2822 842 2881 et
869 2813 963 2881 idem
993 2814 1069 2904 ipse
1098 2814 1191 2882 inter
1220 2813 1372 2905 collegas
1402 2836 1479 2904 rap-

431 2934 535 3007 tores,
567 2935 687 2995 tamen
716 2927 961 3018 baptizatores,
993 2950 1073 2996 cum
1102 2923 1253 3020 ¹‘magua
1283 2928 1479 2997 tolerantiae

430 3041 594 3109 mercede
612 3050 779 3110 versatur.

483 3154 699 3246 Pomponius
730 3178 751 3225 a
781 3154 997 3247 Dionysiana
1027 3155 1140 3225 dixit:
1170 3154 1400 3251 Manifestum
1431 3162 1600 3226 eston-¹2·

431 3267 608 3340 hereticos
634 3292 702 3339 nont
726 3293 826 3363 posse
852 3268 1037 3363 baptizare,
1056 3280 1087 3339 et
1105 3271 1337 3341 conlationem
1361 3295 1479 3365 pccca-

432 3393 543 3454 torum
562 3383 657 3468 darc,
674 3384 736 3476 qui
758 3393 954 3477 potestatem
978 3408 1046 3454 aon
1069 3381 1201 3467 ludent,
1220 3394 1257 3455 ut
1277 3394 1337 3456 arat
1352 3384 1480 3457 aolccre

346 3495 352 3509 '
432 3507 492 3568 aut
508 3496 617 3594 lipare
634 3497 770 3591 aliquid
785 3500 822 3568 in
840 3500 942 3568 terris
954 3500 1100 3593 possint.

483 3615 749 3706 Respondetur:
778 3615 883 3685 Hanc
900 3624 1115 3707 potestatem
1132 3639 1199 3686 nec
1216 3616 1401 3688 homicidae
1418 3616 1479 3686 ha·

433 3730 530 3811 bcut,
548 3731 583 3798 id
602 3739 666 3810 est,
684 3731 743 3820 qui
763 3730 914 3798 oderunt
931 3730 1066 3800 fratres.
1120 3730 1157 3798 N
1160 3755 1204 3800 on
1229 3733 1323 3800 enim
1347 3729 1478 3801 talibus

433 3844 567 3911 dictum
587 3852 662 3923 est;
690 3843 726 3912 Si
752 3844 808 3911 cui
837 3845 1040 3914 dimiseritis
1070 3856 1224 3935 peccata,
1253 3848 1625 3916 dimittentursolam

434 3957 488 4037 ci;
514 3957 541 4024 si
569 3958 625 4023 cui
652 3959 848 4040 tenueritis,
867 3958 1094 4028 tenebuntur.
1147 3959 1196 4030 Et
1219 3971 1337 4030 tamen
1365 3934 1527 4052 bapti-'³'

434 4079 525 4150 aaut,
544 4080 580 4139 et
599 4092 659 4139 eos
681 4071 717 4138 iu
741 4072 865 4140 cadem
884 4072 1048 4162 baptismi
1067 4076 1315 4144 communione
1333 4085 1370 4146 et
1389 4075 1481 4146 Pau-

435 4184 489 4253 lus
507 4183 645 4265 tolerat,
664 4194 702 4255 et
719 4183 914 4276 Cyprianus
930 4189 1101 4279 agnoscit.

486 4299 686 4369 Venautius
703 4324 724 4369 a
741 4300 860 4370 Tiuisa
877 4303 987 4371 dixit:
1014 4301 1059 4374 Si
1076 4305 1222 4374 naut-itus
1239 4327 1384 4400 pereprc
1398 4316 1553 4398 pro-‘'ar·
1567 4327 1603 4376 ¹³·

424 4415 595 4507 ficisccna,
614 4416 724 4485 amico
740 4439 802 4485 auo
819 4415 1080 4487 coraracadcsaet
1098 4442 1239 4488 aaronem
1256 4443 1353 4489 artam
1372 4428 1480 4490 cuato-

584 4599 600 4645 k
617 4604 798 4660 Corbeicusis
812 4606 874 4660 cod.
890 4606 978 4662 etalii
994 4605 1088 4679 plures
1103 4604 1192 4662 MSS.
1208 4624 1317 4680 mapa«.
