3817 5692
514 705 557 764 24
882 702 1188 767 ARCHELAUS.

515 878 534 908 “
549 872 692 955 Koara,
709 872 768 935 vol.
781 872 800 936 i.
817 894 888 957 pag.
902 875 974 955 718,
996 894 1043 957 sq.
1066 873 1141 936 dum
1162 872 1409 956 disputationem
1432 873 1559 957 quidem

513 973 690 1057 “aliquam
712 974 753 1037 ab
777 973 936 1037 Archelao
954 995 1026 1038 cum
1051 975 1183 1039 Manete
1204 974 1347 1037 habitam
1366 974 1472 1048 fuisse,
1491 974 1560 1039 haro

514 1083 536 1112 “
551 1096 626 1138 vero
649 1083 723 1139 acta
743 1097 802 1160 pro
821 1075 966 1158 genuinis
984 1075 1209 1159 disputationis
1229 1075 1312 1138 illius
1331 1075 1413 1139 actis
1431 1074 1560 1139 minime

513 1177 698 1241 “habenda
717 1199 786 1241 esse
807 1177 978 1241 defendit.”
1024 1179 1105 1242 Haec
1121 1177 1253 1253 Keilius,
1270 1177 1323 1261 qui
1338 1178 1379 1240 ad
1396 1199 1467 1262 pag.
1483 1199 1560 1261 quo·

514 1301 576 1362 que
586 1298 659 1361 324.
675 1280 773 1364 ejusd.
784 1277 928 1343 Bibliotl.
940 1277 1068 1344 Febris.
1085 1279 1218 1356 addidit,
1235 1278 1420 1343 Beausohrii
1435 1287 1560 1343 senten-

513 1379 592 1443 tiam
614 1382 653 1443 de
675 1380 789 1444 horum
809 1380 966 1444 Actorum
987 1381 1088 1465 νοθείᾳ
1109 1380 1216 1444 multis
1238 1379 1378 1444 refellere
1401 1381 1559 1445 studuisse

515 1481 604 1546 Petr.
620 1482 734 1545 Thom.
753 1483 897 1547 Cacciari
912 1482 944 1545 in
960 1480 1237 1546 Eaercitatioailas
1251 1482 1286 1544 ln
1299 1482 1385 1544 anic.
1403 1483 1437 1544 S.
1450 1482 1560 1547 Βοσκέθ

513 1583 562 1645 Μ.
577 1583 686 1668 Opera,
698 1584 735 1647 de
745 1584 817 1647 lar.
832 1584 971 1648 Alarici.
988 1583 1042 1647 lib.
1054 1583 1074 1646 i.
1092 1605 1161 1668 cap.
1173 1582 1238 1646 xiii.
1250 1604 1321 1668 pag.
1335 1601 1386 1667 90,
1402 1604 1449 1667 sq.
1465 1603 1559 1667 quem

513 1683 627 1747 librum
643 1685 749 1748 dolere
770 1707 804 1749 se
821 1685 868 1749 ait
885 1685 1007 1748 Keilius
1027 1684 1127 1749 serius
1141 1686 1268 1748 demum
1288 1685 1330 1747 ad
1353 1705 1465 1748 manus
1484 1705 1559 1748 suas

513 1788 701 1870 pervenisse,
714 1808 810 1870 quam
825 1793 862 1850 ut
876 1810 914 1850 ao
928 1787 962 1849 in
974 1787 1187 1872 superioribus
1196 1786 1243 1850 uti
1259 1786 1424 1870 potuisset.
1456 1788 1558 1849 Porro

515 1887 699 1951 Beausobrii
721 1888 916 1972 argumentis
931 1909 1002 1950 cum
1026 1887 1177 1973 plurimos
1196 1887 1275 1950 alios
1293 1886 1474 1971 scriptores,
1489 1895 1558 1950 tum

514 1989 681 2052 novissime
695 1996 858 2053 auctorem
871 1989 1062 2052 Dictimran'i
1076 1989 1113 2052 de
1126 1987 1299 2052 Harssilas
1313 1988 1434 2052 Gallice
1448 1989 1558 2074 scripti

513 2092 554 2155 ad
570 2092 700 2155 verbum
715 2091 827 2153 Manis
841 2091 966 2175 egregio
982 2111 1181 2176 oppugnasse
1200 2091 1298 2155 refert
1313 2089 1508 2154 Saccarellus
1524 2089 1558 2153 in

513 2193 595 2256 Hier.
622 2192 734 2255 Ecclss.
760 2192 850 2254 Tom.
867 2214 909 2254 rv.
930 2214 1003 2276 pag.
1027 2212 1093 2277 ¹45·
1131 2192 1242 2256 Roma
1261 2213 1346 2255 anno
1371 2208 1451 2276 1755
1473 2191 1558 2277 typis

513 2292 666 2376 impressi.
714 2293 790 2376 lpsa
810 2314 883 2356 vero
905 2293 1076 2357 Moshemii
1092 2293 1200 2370 verba,
1214 2294 1256 2356 ad
1271 2314 1342 2378 quae
1358 2291 1492 2376 digitum
1511 2291 1558 2353 in-

514 2394 619 2457 tendit
633 2394 670 2458 cl.
688 2394 821 2471 Keilius,
837 2394 898 2457 huc
913 2394 1026 2458 afferre
1041 2395 1118 2458 mihi
1133 2396 1233 2458 visum
1247 2403 1308 2459 est.
1343 2402 1363 2430 ‘⁴
1374 2428 1459 2443 —
1472 2393 1559 2457 Satis

514 2505 534 2532 “
550 2496 676 2579 quidem
693 2496 905 2560 Beausobrius
924 2496 1264 2575 luculenter'ostendit,
1279 2518 1348 2560 esse
1365 2496 1510 2580 quaedam
1525 2495 1559 2558 ia

514 2608 535 2636 “
550 2600 599 2663 his
621 2599 723 2677 Actis,
748 2600 787 2663 de
810 2621 943 2685 quorum
967 2600 1101 2665 varitate
1119 2600 1192 2685 jure
1214 2600 1337 2686 optimo
1359 2600 1503 2663 dubites:
1525 2608 1560 2662 at

515 2710 535 2738 “
551 2724 625 2778 non,
639 2703 761 2787 opinor,
776 2709 931 2766 testatum
946 2703 1031 2779 fecit,
1050 2723 1220 2786 numquam
1235 2702 1389 2788 ejusmodi
1409 2701 1558 2765 Archelai

478 2793 481 2801 ⁶
514 2812 534 2841 ‘⁴
549 2811 583 2868 et
599 2805 741 2869 Manetis
762 2804 1010 2889 disputationem
1031 2804 1210 2889 contigisse.
1256 2806 1354 2869 Certe
1375 2804 1435 2868 hoc
1457 2823 1559 2886 noque

514 2913 535 2942 “
550 2927 588 2969 ex
609 2907 769 2969 erroribus
789 2906 946 2969 nonnullis
972 2906 1141 2982 historicis,
1158 2927 1237 2991 quos
1257 2906 1395 2989 scriptor
1414 2905 1479 2968 sive
1500 2904 1558 2967 ad-

514 3014 535 3043 “
550 3007 644 3083 misit,
661 3007 725 3071 sive
743 3007 907 3071 admisisse
922 3008 1056 3083 videtur,
1072 3028 1174 3091 neque
1188 3029 1228 3070 ex
1243 3015 1385 3071 veterum
1400 3015 1434 3070 et
1453 3026 1559 3070 recen·

514 3109 667 3172 “tiorum
692 3110 900 3193 quorumdam
922 3110 963 3172 de
987 3108 1037 3172 his
1060 3110 1153 3173 Actis
1175 3109 1300 3174 silentio
1322 3109 1457 3172 firmiter
1478 3107 1558 3172 effici

514 3215 535 3244 “
551 3216 665 3293 potest.
712 3209 840 3296 Majora
868 3231 941 3273 vero
968 3231 1031 3273 non
1053 3211 1150 3274 habet
1172 3211 1220 3274 vir
1245 3210 1445 3274 doctissimus
1466 3229 1558 3293 argu·

515 3318 535 3347 “
550 3319 668 3388 menta,
691 3312 744 3397 qui
770 3311 935 3376 excellenti
958 3312 1086 3397 quidem
1111 3313 1238 3398 ingenio
1263 3312 1428 3397 praeditus,
1451 3331 1558 3375 verum

514 3412 630 3495 “justo
641 3413 807 3497 proclivior
816 3421 886 3477 erat
896 3413 938 3476 ad
951 3419 1092 3477 veterum
1104 3413 1292 3498 scriptorum
1303 3414 1558 3477 Christianorum

513 3518 536 3548 “
550 3512 645 3575 fidem
660 3513 890 3589 infirmandam,
902 3520 935 3577 et
950 3514 1139 3599 conjecturis
1151 3515 1216 3577 suis
1228 3514 1320 3578 nimis
1333 3535 1417 3598 προ
1428 3512 1556 3575 fidebat.

515 3614 710 3699 “Quidquid
732 3615 765 3678 id
788 3622 848 3689 cst,
863 3637 987 3701 magma
1006 3624 1114 3680 tamen
1132 3616 1336 3700 antiquitatis
1356 3613 1556 3678 commenda·

515 3717 670 3780 “tionem
688 3717 757 3780 haeo
777 3720 859 3781 Acta
880 3717 1010 3792 habent,
1029 3725 1064 3781 et
1085 3718 1170 3801 quod
1190 3739 1248 3781 nec
1270 3717 1338 3802 ipse
1359 3714 1558 3781 adversarius

516 3826 535 3853 “
550 3839 659 3881 eorum
681 3818 808 3882 diffiteri
829 3819 916 3893 velit,
931 3819 1033 3883 multa
1054 3820 1226 3894 continent,
1249 3827 1307 3883 aut
1329 3819 1420 3882 valde
1442 3817 1556 3902 proba·

514 3928 535 3955 “
551 3918 635 3995 bilia,
661 3928 719 3983 aut
744 3941 818 3984 vero
843 3920 1101 3985 consentientia.”
1147 3919 1321 4004 Hucusque
1352 3918 1557 3983 Moshemius.

516 4020 555 4082 lu
576 4020 640 4083 ista
658 4020 781 4084 interea
806 4029 856 4085 ast
873 4021 1033 4086 sententia
1056 4024 1253 4085 Assemanus
1273 4020 1418 4084 Bibliotll.
1442 4019 1557 4084 Orioni.

514 4125 628 4189 tomi.
651 4147 682 4210 p.
697 4128 771 4210 556.
807 4134 826 4164 “
844 4128 980 4192 Photius
1002 4128 1070 4191 cod.
1088 4129 1141 4212 85,
1163 4136 1304 4192 testatur
1325 4127 1558 4212 Hegemonium

515 4234 536 4265 “
552 4228 709 4311 quendam
738 4228 995 4314 Disputationem
1025 4230 1176 4293 Archelai
1208 4230 1359 4294 adversus
1394 4230 1556 4293 Manetem

514 4330 775 4413 “perscripsisse
820 4331 942 4408 Quibus
971 4332 1075 4395 verbis
1107 4332 1167 4395 hoc
1197 4339 1322 4396 tantum
1351 4331 1556 4416 significatur,

513 4437 533 4466 ‘⁴
550 4431 744 4495 Archelaum
755 4432 1015 4517 Disputationem
1030 4432 1150 4509 iecisse,
1162 4442 1195 4498 et
1212 4433 1446 4518 Hegemonium
1456 4431 1557 4495 literis

511 4541 533 4568 “
549 4532 780 4617 consignasse.”
825 4534 887 4597 Sed
903 4534 986 4598 hunc
1006 4536 1239 4619 Hegemonium
1257 4535 1373 4601 Gavius
1390 4543 1557 4599 censuerat

512 4634 663 4699 Archelai
693 4637 773 4721 Syro
794 4657 939 4701 sermone
964 4659 1023 4701 sua
1043 4639 1261 4722 componentis
1285 4639 1431 4703 Graecum
1458 4636 1555 4701 inter·
