3817 5692
507 688 572 750 328
704 687 768 751 DE
792 686 1178 750 REBAPTISMATE
1202 688 1361 751 LIBER.

507 860 553 931 ad
576 860 816 931 remissionem
842 868 1069 953 peccatorum
1092 861 1385 953 consequendam.
1436 860 1557 945 Quam

507 976 748 1046 remissionem
767 986 993 1068 peccatorum
1011 985 1200 1048 consecuta
1216 986 1270 1047 est
1293 976 1353 1047 illa
1377 1000 1458 1069 quae
1480 987 1558 1048 erat

344 1109 499 1169 navam.
508 1092 635 1161 mulier
660 1093 840 1183 peccatrix
865 1093 903 1161 in
928 1093 1094 1176 civitate3
1119 1092 1177 1162 cui
1202 1092 1379 1164 Dominus
1403 1096 1464 1177 ait,
1487 1092 1558 1164 Di·

507 1206 690 1278 mittuntur
719 1204 782 1277 tibi
804 1216 957 1300 peccata.
1013 1208 1062 1277 Et
1092 1230 1174 1277 cnm
1205 1208 1393 1300 eoepissent
1420 1209 1482 1301 qui
1510 1211 1557 1279 si-

507 1321 583 1391 mul
603 1322 873 1392 discumbebant
897 1321 992 1414 apud
1018 1323 1225 1413 semetipsos
1251 1321 1377 1403 dicere,
1397 1317 1484 1410 Quia
1506 1330 1557 1391 est

505 1436 563 1517 bic
580 1437 641 1532 poi
660 1447 803 1531 peccata
820 1436 997 1507 dimittit?
1022 1438 1116 1528 quod
1142 1445 1180 1507 ct
1205 1438 1299 1508 circa
1323 1436 1556 1530 paralyticum

505 1554 667 1624 acerbius
692 1554 822 1624 Scribae
849 1561 887 1623 et
909 1551 1075 1622 Pharisaei
1107 1552 1478 1637 obmurmuraverant3
1504 1555 1556 1624 ait

343 1688 406 1737 nus
419 1688 477 1738 itia.
506 1669 552 1737 ad
581 1667 767 1738 mulierem
793 1668 980 1749 Dominus,
1006 1666 1115 1737 Fides
1145 1677 1204 1738 tua
1233 1676 1264 1739 te
1292 1668 1420 1740 salvam
1438 1669 1534 1765 fecit
1544 1696 1556 1748 ‚·

342 1764 383 1816 ⁵⁰⁹
506 1784 591 1855 vade
620 1784 659 1854 ia
683 1806 780 1877 pace.
832 1783 890 1853 Ex
912 1784 1040 1874 quibus
1061 1784 1233 1854 universis
1254 1786 1462 1868 ostenditur,
1483 1787 1556 1856 fide

505 1900 689 1971 emundari
715 1902 830 1981 corda,
849 1899 985 1992 Spiritu
1001 1908 1123 1969 autem
1148 1899 1244 1969 ablui
1271 1901 1424 1985 animas3
1449 1925 1556 1994 porro

504 2024 626 2086 autem
649 2039 711 2108 per
735 2038 863 2106 aquam
885 2013 1013 2085 lavacri
1034 2038 1198 2107 corpora3
1226 2019 1396 2110 sanguine
1413 2041 1556 2108 quoque

505 2129 730 2200 festinantius
763 2132 939 2221 perveniri
974 2153 1038 2221 per
1066 2132 1317 2222 compendium
1351 2132 1395 2201 ad
1429 2131 1557 2203 salutis

505 2245 658 2336 praemia.

555 2358 644 2430 XV.
663 2360 759 2430 Puto
771 2382 835 2431 nos
847 2359 952 2452 plene
966 2368 1152 2431 exsecutos
1165 2363 1448 2454 pradicationem
1460 2363 1557 2457 Bap-

504 2473 597 2545 tistoe
609 2475 634 2545 J
636 2476 767 2559 oannis,
778 2477 874 2547 unde
892 2499 1091 2546 sermonem
1109 2500 1230 2548 sumus
1243 2481 1368 2557 exorsi,
1382 2479 1443 2571 qui
1461 2483 1558 2551 dixit

342 2602 488 2655 murano.
505 2589 549 2660 ad
566 2589 720 2676 Judaeos,
733 2590 810 2688 Epo
825 2590 960 2686 quidem
978 2615 1035 2661 aas
1055 2588 1192 2685 baptizo
1214 2617 1303 2687 aqua
1324 2596 1363 2663 ia
1376 2597 1557 2689 poeniten-

504 2705 611 2787 tiam,·
638 2708 699 2802 qui
722 2716 833 2778 autem
854 2717 935 2802 post
961 2731 1013 2778 me
1037 2707 1138 2793 venit,
1148 2706 1288 2803 sortior
1309 2734 1362 2781 me
1382 2719 1439 2792 est,
1457 2712 1556 2804 capus

503 2845 563 2918 epo
592 2846 662 2893 aon
691 2846 766 2893 sam
797 2820 923 2919 dipem
952 2821 1081 2893 soluere
1110 2825 1296 2921 corripiam
1327 2824 1554 2898 calciamenti.

502 2937 584 3034 Ipse
600 2964 658 3011 uos
678 2938 864 3035 baptizabit
889 2940 928 3009 ia
944 2939 1086 3033 Spiritu
1110 2949 1227 3012 sancto
1252 2950 1284 3011 et
1309 2942 1393 3039 ipni.
1444 2942 1557 3015 Arbi-

502 3062 578 3126 tror
601 3065 721 3127 autem
748 3066 786 3127 et
806 3054 973 3148 Apostoli
990 3056 1014 3125 J
1017 3058 1139 3126 oannis
1164 3058 1361 3129 doctrinam
1386 3083 1450 3131 nos
1480 3083 1555 3131 non

342 3185 461 3237 tauns.
470 3187 493 3237 s.
502 3171 622 3264 inepte
640 3173 861 3265 disposuisse,
879 3172 940 3262 qui
957 3171 1017 3253 ait,
1033 3170 1125 3259 Quia
1144 3180 1211 3243 tres
1228 3174 1456 3244 testimonium
1469 3197 1555 3268 per·

501 3283 626 3371 bibent,
639 3287 796 3381 Spiritus
809 3296 841 3357 et
851 3286 959 3379 Aqua
972 3295 1003 3357 et
1015 3285 1192 3384 Sanpais;
1219 3290 1327 3359 otiati
1344 3299 1412 3360 tres
1426 3298 1552 3360 'amam

500 3411 590 3473 aaut.
644 3403 725 3473 Nisi
752 3403 855 3473 fallor
883 3411 1003 3472 autem
1030 3403 1139 3472 etiam
1169 3403 1256 3475 illud
1285 3404 1554 3497 explanavimus
1614 3440 1617 3452 ·

338 3518 597 3608 Aeaeaquod
622 3518 798 3589 Dominus
824 3525 943 3586 noster
969 3518 1029 3595 ait,
1051 3514 1209 3586 Joaaaes
1235 3518 1371 3611 quidem
1396 3518 1553 3613 baptiza-

501 3631 551 3703 oit
575 3656 675 3727 apua,
697 3656 754 3705 aas
781 3642 890 3703 autem
916 3628 1178 3725 baptizabimini
1202 3635 1241 3703 ia
1257 3633 1397 3728 Spiritu
1422 3645 1551 3708 sancta.

503 3747 679 3819 Praeterea
695 3750 860 3819 existimo
881 3769 944 3817 nos
967 3770 1039 3816 non
1061 3748 1235 3818 infirmam
1255 3752 1444 3820 'rationem
1471 3753 1551 3821 red-

501 3863 630 3935 didisse
648 3864 911 3935 consuetudinis
933 3886 1085 3933 causam.
1137 3863 1315 3934 Tueamur
1332 3876 1462 3948 tamen,
1481 3870 1552 3938 etsi

501 3982 694 4071 posteriore
719 3979 796 4050 loco
822 3980 857 4049 id
885 3978 1044 4060 facimus,
1070 3982 1197 4070 nequi
1224 3990 1328 4073 putet
1352 4005 1416 4053 nos
1441 3985 1551 4053 unico

500 4090 649 4161 articulo
669 4100 877 4184 praesentem
902 4091 1169 4162 altercationem
1195 4095 1375 4163 suscitare.
1428 4094 1552 4177 Quan-

500 4228 607 4296 quam
624 4205 702 4275 baec
719 4207 939 4276 consuetudo
965 4206 1073 4275 etiam
1099 4205 1173 4275 sola
1200 4206 1346 4276 deberet
1368 4209 1461 4299 apud
1485 4208 1552 4279 ho-

499 4322 612 4391 mines
630 4324 794 4393 timorem
813 4323 882 4392 Dei
905 4324 1076 4395 habentes
1099 4332 1136 4393 et
1156 4322 1309 4394 humiles
1331 4326 1549 4419 praecipuum

499 4434 617 4507 locum
635 4439 806 4508 obtinere.

621 4574 628 4597 ¹
644 4588 722 4625 anam
735 4571 811 4643 aaut]
830 4569 887 4628 Sed
901 4571 1031 4627 conseras
1045 4571 1140 4630 locum
1155 4593 1239 4650 supra
1253 4593 1281 4647 p.
1294 4590 1364 4645 322.

624 4665 796 4739 ’radonem
814 4666 878 4723 For.
894 4667 1012 4725 ratione.
1119 4732 1121 4736 ,
