3817 5692
497 687 562 753 326
692 687 756 751 Du
780 686 1164 750 REBAPTISMATE
1189 686 1346 749 LIBER.

498 862 588 931 libro
609 869 732 932 contra
753 882 876 930 omnes
900 862 1101 952 scripturae,
1119 869 1157 929 et
1180 860 1226 930 de
1243 869 1390 951 peccato
1408 859 1550 953 proprio

497 976 727 1047 confitentem
742 976 899 1045 invenies
913 975 1106 1058 Christum,
1119 976 1180 1066 qui
1194 974 1288 1045 solus
1301 977 1445 1045 omnino
1458 975 1549 1045 nihil

498 1090 657 1183 deliquit,
684 1091 791 1160 etad
817 1090 1062 1181 accipiendum
1085 1090 1233 1161 loannis
1261 1090 1434 1182 baptisma
1455 1113 1550 1184 pene

497 1207 804 1276 invitumamatre
815 1228 878 1275 sua
888 1206 1000 1275 Maria
1010 1227 1086 1275 esse
1097 1204 1331 1297 compulsum.
1358 1205 1453 1275 Item
1464 1227 1548 1276 cum

497 1321 747 1413 baptizaretur,
766 1324 884 1415 ignem
911 1343 1168 1413 superaquam
1195 1344 1271 1392 esse
1289 1323 1424 1404 visum3
1450 1321 1548 1414 qnod

497 1438 535 1507 in
552 1436 735 1530 evangelio
752 1436 851 1506 nullo
869 1446 924 1507 est
941 1438 1123 1528 scriptum.
1176 1437 1225 1506 Et
1243 1446 1322 1529 post
1339 1446 1438 1507 tauta
1456 1447 1551 1507 tem-

497 1575 592 1644 pora,
611 1552 759 1621 Petmm
782 1561 819 1620 et
836 1549 1001 1630 Paulum,
1019 1559 1100 1643 post
1118 1549 1354 1622 conlationem
1372 1552 1548 1646 evangelii

496 1667 534 1737 in
553 1666 778 1737 Hierusalem
800 1675 838 1736 et
862 1676 1025 1736 mutuam
1043 1668 1311 1760 ¹cogitationem
1338 1676 1374 1738 et
1400 1668 1550 1739 alterca-

497 1784 632 1853 tionem
649 1793 687 1853 et
703 1806 820 1853 rerum
838 1782 1053 1875 agendarum
1072 1783 1349 1875 dispositionem,
1368 1792 1548 1875 postremo

497 1898 533 1967 iu
552 1898 652 1969 Urbe
669 1900 766 1990 quasi
786 1907 871 1968 tunc
892 1898 1047 1991 primum
1071 1899 1224 1969 invicem
1247 1900 1312 1969 sibi
1333 1923 1410 1970 esse
1426 1901 1550 1994 cogni-

496 2022 562 2085 tos.
615 2013 667 2083 Et
693 2014 854 2105 quaedam
880 2013 950 2083 alia
976 2013 1218 2105 hujuscemodi
1242 2016 1392 2086 absurde
1412 2039 1454 2086 ac
1472 2025 1550 2085 tur·

496 2129 590 2221 piter
606 2130 776 2207 conficta;
803 2152 881 2219 quae
906 2130 1025 2198 omnia
1050 2130 1086 2198 in
1108 2128 1211 2199 illum
1236 2130 1365 2201 librum
1387 2131 1548 2200 iuvenies

496 2255 674 2337 congesta.
727 2244 798 2327 Qui
825 2253 944 2315 autem
972 2268 1041 2314 uon
1069 2246 1232 2338 ignorant
1255 2245 1407 2339 Spiritus
1432 2244 1548 2315 sancti

496 2418 690 2494 scriptoribus
703 2420 910 2477 ecclesiasticis.
954 2419 1040 2496 Angli
1054 2429 1240 2495 reposuerunt
1255 2439 1358 2478 nomen
1373 2419 1462 2483 Pauli,
1473 2427 1505 2476 et
1519 2418 1550 2477 id

496 2517 609 2592 quidem
623 2526 711 2574 recte.
747 2516 861 2573 Etenim
876 2516 1004 2590 quamvis
1019 2517 1179 2573 observatio
1194 2516 1311 2592 Rigaltii
1324 2516 1400 2573 bona
1413 2516 1460 2580 sit,
1475 2515 1549 2572 nihil

495 2622 607 2670 mutare
621 2614 757 2689 oportuit,
770 2622 800 2669 ut
814 2613 982 2688 recognovit
997 2613 1056 2687 ipse
1071 2613 1211 2689 Rigaltius
1225 2614 1255 2670 io
1268 2614 1361 2670 indice
1374 2621 1547 2670 erratorum.

496 2712 540 2768 De
551 2713 660 2769 actibus
670 2711 748 2768 Pauli
756 2711 820 2768 vide
831 2730 894 2785 quae
904 2720 1041 2767 notantur
1052 2710 1080 2767 iu
1092 2711 1210 2767 historia
1218 2711 1416 2768 Ecclesiastica
1424 2710 1548 2768 Joauuis

496 2809 600 2867 Clerici
621 2810 656 2866 ud
678 2828 782 2866 annum
799 2807 907 2865 Christi
918 2808 965 2882 69.
982 2812 1005 2879 t.
1018 2825 1046 2881 3.
1069 2807 1184 2865 Bruuz.
1227 2808 1274 2865 Ita
1288 2817 1368 2866 vetus
1382 2809 1473 2865 codex
1487 2809 1547 2867 Re·

495 2907 611 2975 mensis,
626 2915 699 2964 teste
715 2906 848 2980 Rigaltio,
864 2906 912 2980 qui
930 2914 1028 2963 tamen
1042 2906 1118 2962 Petri
1137 2925 1241 2963 nomen
1260 2906 1403 2981 reposuit;
1425 2924 1547 2980 eamque

495 3003 647 3059 lectionem
662 3002 853 3076 Rigaltianam
871 3002 987 3058 retinuit
1004 3001 1128 3058 intexta
1145 3002 1288 3065 Bulusius,
1302 3002 1369 3059 licet
1383 3001 1464 3058 aliter
1478 3020 1545 3059 sen-

494 3101 548 3157 tiat
561 3100 591 3156 in
605 3100 690 3157 uotis.
713 3099 828 3156 Codicis
842 3099 1010 3173 scripturam
1024 3098 1217 3173 praestiterunt
1231 3119 1342 3174 quoque
1353 3098 1546 3157 Oxonienses.

496 3198 534 3254 Et
548 3207 625 3255 recte
639 3197 763 3272 quidem,
777 3216 844 3253 uum
863 3204 963 3252 auctor
982 3215 1140 3272 anonymus
1154 3216 1211 3253 non
1233 3197 1346 3262 erravit,
1362 3206 1394 3253 ut
1408 3206 1546 3273 putarunt

496 3294 638 3369 Rigaltius
656 3303 685 3351 et
707 3294 848 3357 Baluzius‚
865 3293 962 3349 Paulli
981 3294 1210 3367 pradicationem
1232 3294 1403 3351 collaudans.
1447 3293 1544 3369 Siqui-

495 3391 561 3448 dem
575 3408 611 3446 ex
626 3390 774 3447 Clemente
790 3390 835 3446 Al.
850 3389 952 3447 Strom.
969 3390 1017 3447 lib.
1028 3391 1065 3446 ri.
1081 3410 1109 3465 p.
1125 3391 1196 3465 639.
1218 3399 1248 3447 et
1268 3410 1304 3447 ex
1325 3390 1474 3448 Lactantio
1488 3392 1544 3450 Di-

494 3488 552 3544 vin.
566 3485 661 3542 lustit.
675 3486 724 3542 lib.
739 3486 777 3543 iv.
792 3506 851 3560 cap.
863 3486 923 3542 xxi.
944 3488 1088 3553 discimus,
1105 3486 1180 3544 Petri
1201 3495 1231 3545 et
1253 3486 1344 3544 Paulli
1365 3488 1544 3562 praedicatio-

494 3602 561 3640 uem
582 3602 669 3638 uuum
691 3583 821 3657 idemque
842 3586 980 3661 scriptum
994 3585 1089 3649 fuisse.
1105 3586 1181 3659 quod
1198 3585 1283 3641 modo
1304 3585 1357 3641 sub
1371 3585 1544 3652 alterutrius,

494 3679 580 3736 modo
600 3680 652 3735 sub
671 3680 816 3754 utriusque
835 3684 949 3739 nomine
969 3682 1174 3740 circumfertur.
1217 3682 1312 3757 Digna
1327 3691 1393 3739 sunt
1406 3702 1461 3757 qus
1474 3703 1542 3758 pro-

493 3776 629 3841 ferantur,
644 3775 731 3832 verba
751 3776 902 3837 Lactantii.
941 3780 1081 3855 Magister
1094 3780 1181 3842 Deus,
1202 3780 1301 3853 inquit,
1323 3780 1544 3836 discedens—-

484 3868 588 3945 sutura
601 3872 709 3945 aperuit
724 3870 781 3928 illis
795 3876 892 3940 omniu,
908 3894 966 3950 quae
980 3875 1083 3932 Petrus
1096 3883 1122 3930 et
1137 3873 1254 3930 Paullus
1267 3873 1360 3930 Romae
1371 3875 1541 3949 predicave-

493 3975 576 4023 runt:
598 3976 625 4024 et
649 3987 680 4024 ec
706 3988 893 4027 rasnrcsrro
912 3973 940 4027 in
962 3971 1117 4027 meritoriam
1141 3971 1245 4045 scripto
1263 3974 1424 4046 morsi.
1466 3972 1541 4041 Quae

492 4083 561 4121 sane
582 4066 703 4123 maxime
724 4085 851 4123 consona
873 4067 908 4124 iis
931 4068 1161 4142 perhibebentur,
1177 4088 1239 4142 quae
1253 4068 1316 4124 heic
1333 4070 1428 4125 statim
1444 4070 1542 4129 subdit

492 4169 590 4218 noster
603 4181 769 4237 anonymus.
793 4164 965 4221 Genusum.
1008 4164 1042 4220 In
1057 4165 1166 4222 Buluzii
1180 4173 1261 4222 textu
1275 4174 1355 4222 extat
1368 4166 1450 4223 Petri
1461 4168 1539 4225 Proe-

491 4260 601 4326 dicctia
619 4260 797 4334 improbante
817 4262 879 4335 ipso
901 4262 1027 4327 Baluzio‚
1042 4263 1110 4319 dum
1131 4264 1160 4320 iu
1182 4272 1261 4320 textu
1278 4262 1439 4337 Rigaltiano
1454 4263 1542 4323 Pauli

492 4374 597 4413 nornen
618 4375 654 4413 ex
675 4358 772 4415 codice
786 4358 853 4416 MS.
868 4368 944 4416 recte
960 4368 1194 4434 repraesentatum
1212 4367 1265 4423 est,
1279 4360 1420 4434 gestiente
1441 4368 1539 4419 tamen

491 4451 521 4508 id
536 4462 645 4510 mutare
658 4454 793 4529 Rigaltio.

532 4554 540 4577 ¹
555 4550 756 4622 cogitationem
772 4553 814 4626 et]
832 4552 950 4610 Addidit
964 4553 1026 4610 haec
1042 4554 1183 4610 Bnluzius.
1216 4556 1259 4611 nn
1274 4554 1468 4628 reponendum
1484 4565 1540 4622 est,

489 4652 517 4698 et
531 4652 647 4699 mutuum
661 4647 866 4719 cogitationum
881 4650 1109 4706 altercationem?
