<?xml version="1.0" encoding="UTF-8"?>
<!DOCTYPE html PUBLIC "-//W3C//DTD XHTML 1.0 Transitional//EN"
    "http://www.w3.org/TR/xhtml1/DTD/xhtml1-transitional.dtd">
<html xmlns="http://www.w3.org/1999/xhtml" xml:lang="en" lang="en">
 <head>
  <title>
</title>
<meta http-equiv="Content-Type" content="text/html;charset=utf-8" />
  <meta name='ocr-system' content='tesseract 3.04.00' />
  <meta name='ocr-capabilities' content='ocr_page ocr_carea ocr_par ocr_line ocrx_word'/>
</head>
<body>
  <div class='ocr_page' id='page_1' title='image "./reliquiaesacrae02routgoog_0162.png"; bbox 0 0 3817 5692; ppageno 0'>
   <div class='ocr_carea' id='block_1_1' title="bbox 531 708 1349 772">
    <p class='ocr_par' dir='ltr' id='par_1_1' title="bbox 531 708 1349 772">
     <span class='ocr_line' id='line_1_1' title="bbox 531 708 1349 772; baseline 0.004 -4"><span class='ocrx_word' id='word_1_1' title='bbox 531 708 595 770; x_wconf 77' lang='lat'><strong>148</strong></span> <span class='ocrx_word' id='word_1_2' title='bbox 762 709 1015 772; x_wconf 78' lang='lat' dir='ltr'>ARCHELAI</span> <span class='ocrx_word' id='word_1_3' title='bbox 1040 709 1103 770; x_wconf 86' lang='lat' dir='ltr'><strong>ET</strong></span> <span class='ocrx_word' id='word_1_4' title='bbox 1129 709 1349 771; x_wconf 83' lang='lat' dir='ltr'>MANETIS</span> 
     </span>
    </p>
   </div>
   <div class='ocr_carea' id='block_1_2' title="bbox 526 881 1583 2817">
    <p class='ocr_par' dir='ltr' id='par_1_2' title="bbox 526 881 1583 2817">
     <span class='ocr_line' id='line_1_2' title="bbox 534 881 1580 972; baseline 0.002 -23"><span class='ocrx_word' id='word_1_5' title='bbox 534 881 776 950; x_wconf 89' lang='lat' dir='ltr'><strong>honorandum</strong></span> <span class='ocrx_word' id='word_1_6' title='bbox 803 892 868 950; x_wconf 82' lang='lat' dir='ltr'><strong>est.</strong></span> <span class='ocrx_word' id='word_1_7' title='bbox 921 881 993 950; x_wconf 86' lang='lat' dir='ltr'><strong>Sed</strong></span> <span class='ocrx_word' id='word_1_8' title='bbox 1017 893 1054 951; x_wconf 93' lang='lat' dir='ltr'><strong>et</strong></span> <span class='ocrx_word' id='word_1_9' title='bbox 1080 903 1227 972; x_wconf 89' lang='lat' dir='ltr'><strong>puerum</strong></span> <span class='ocrx_word' id='word_1_10' title='bbox 1252 883 1332 972; x_wconf 77' lang='lat' dir='ltr'><strong>‘lqui</strong></span> <span class='ocrx_word' id='word_1_11' title='bbox 1351 882 1395 950; x_wconf 89' lang='lat' dir='ltr'><strong>ad</strong></span> <span class='ocrx_word' id='word_1_12' title='bbox 1418 883 1580 951; x_wconf 84' lang='lat' dir='ltr'><strong>doctores</strong></span> 
     </span>
     <span class='ocr_line' id='line_1_3' title="bbox 532 994 1580 1086; baseline 0.003 -25"><span class='ocrx_word' id='word_1_13' title='bbox 532 1016 554 1061; x_wconf 92' lang='lat' dir='ltr'><strong>a</strong></span> <span class='ocrx_word' id='word_1_14' title='bbox 588 994 779 1085; x_wconf 68' lang='lat' dir='ltr'><strong>paedagogo</strong></span> <span class='ocrx_word' id='word_1_15' title='bbox 814 995 1029 1085; x_wconf 83' lang='lat' dir='ltr'><strong>perducitur,</strong></span> <span class='ocrx_word' id='word_1_16' title='bbox 1057 1017 1137 1064; x_wconf 89' lang='lat' dir='ltr'><strong>curn</strong></span> <span class='ocrx_word' id='word_1_17' title='bbox 1174 995 1289 1063; x_wconf 91' lang='lat' dir='ltr'><strong>adhuc</strong></span> <span class='ocrx_word' id='word_1_18' title='bbox 1324 996 1489 1086; x_wconf 87' lang='lat' dir='ltr'><strong>parvulus</strong></span> <span class='ocrx_word' id='word_1_19' title='bbox 1515 1006 1580 1076; x_wconf 82' lang='lat' dir='ltr'><strong>est,</strong></span> 
     </span>
     <span class='ocr_line' id='line_1_4' title="bbox 533 1110 1582 1201; baseline 0.004 -26"><span class='ocrx_word' id='word_1_20' title='bbox 533 1111 691 1199; x_wconf 89' lang='lat' dir='ltr'><strong>nunquid</strong></span> <span class='ocrx_word' id='word_1_21' title='bbox 727 1133 809 1179; x_wconf 87' lang='lat' dir='ltr'><strong>curn</strong></span> <span class='ocrx_word' id='word_1_22' title='bbox 844 1111 889 1179; x_wconf 90' lang='lat' dir='ltr'><strong>ad</strong></span> <span class='ocrx_word' id='word_1_23' title='bbox 924 1120 1069 1179; x_wconf 87' lang='lat' dir='ltr'><strong>aetatem</strong></span> <span class='ocrx_word' id='word_1_24' title='bbox 1114 1112 1311 1201; x_wconf 83' lang='lat' dir='ltr'><strong>pervenerit</strong></span> <span class='ocrx_word' id='word_1_25' title='bbox 1346 1110 1582 1179; x_wconf 82' lang='lat' dir='ltr'><strong>rdehonorare</strong></span> 
     </span>
     <span class='ocr_line' id='line_1_5' title="bbox 532 1225 1582 1318; baseline 0.002 -26"><span class='ocrx_word' id='word_1_26' title='bbox 532 1233 690 1314; x_wconf 83' lang='lat' dir='ltr'><strong>⁸oportet</strong></span> <span class='ocrx_word' id='word_1_27' title='bbox 707 1227 948 1318; x_wconf 72' lang='lat' dir='ltr'><strong>paedagogum,</strong></span> <span class='ocrx_word' id='word_1_28' title='bbox 968 1236 1155 1318; x_wconf 89' lang='lat' dir='ltr'><strong>propteroa</strong></span> <span class='ocrx_word' id='word_1_29' title='bbox 1172 1226 1265 1315; x_wconf 85' lang='lat' dir='ltr'><strong>quod</strong></span> <span class='ocrx_word' id='word_1_30' title='bbox 1284 1226 1359 1316; x_wconf 85' lang='lat' dir='ltr'><strong>jam</strong></span> <span class='ocrx_word' id='word_1_31' title='bbox 1383 1248 1488 1316; x_wconf 87' lang='lat' dir='ltr'><strong>opera</strong></span> <span class='ocrx_word' id='word_1_32' title='bbox 1504 1225 1582 1315; x_wconf 86' lang='lat' dir='ltr'><strong>ejus</strong></span> 
     </span>
     <span class='ocr_line' id='line_1_6' title="bbox 533 1339 1582 1432; baseline 0.002 -25"><span class='ocrx_word' id='word_1_33' title='bbox 533 1361 603 1408; x_wconf 93' lang='lat' dir='ltr'><strong>non</strong></span> <span class='ocrx_word' id='word_1_34' title='bbox 621 1340 766 1432; x_wconf 85' lang='lat' dir='ltr'><strong>indiget,</strong></span> <span class='ocrx_word' id='word_1_35' title='bbox 785 1352 822 1409; x_wconf 91' lang='lat' dir='ltr'><strong>et</strong></span> <span class='ocrx_word' id='word_1_36' title='bbox 839 1350 957 1431; x_wconf 86' lang='lat' dir='ltr'><strong>potest</strong></span> <span class='ocrx_word' id='word_1_37' title='bbox 975 1340 1069 1410; x_wconf 87' lang='lat' dir='ltr'><strong>solus</strong></span> <span class='ocrx_word' id='word_1_38' title='bbox 1085 1342 1162 1431; x_wconf 87' lang='lat' dir='ltr'><strong>jam</strong></span> <span class='ocrx_word' id='word_1_39' title='bbox 1181 1340 1255 1410; x_wconf 86' lang='lat' dir='ltr'><strong>siue</strong></span> <span class='ocrx_word' id='word_1_40' title='bbox 1273 1341 1348 1430; x_wconf 88' lang='lat' dir='ltr'><strong>ejus</strong></span> <span class='ocrx_word' id='word_1_41' title='bbox 1366 1339 1582 1409; x_wconf 89' lang='lat' dir='ltr'><strong>adminiculo</strong></span> 
     </span>
     <span class='ocr_line' id='line_1_7' title="bbox 533 1453 1581 1548; baseline 0.004 -27"><span class='ocrx_word' id='word_1_42' title='bbox 533 1453 576 1522; x_wconf 91' lang='lat' dir='ltr'><strong>ad</strong></span> <span class='ocrx_word' id='word_1_43' title='bbox 605 1456 741 1524; x_wconf 84' lang='lat' dir='ltr'><strong>scholas</strong></span> <span class='ocrx_word' id='word_1_44' title='bbox 772 1478 926 1548; x_wconf 83' lang='lat' dir='ltr'>pergere,</span> <span class='ocrx_word' id='word_1_45' title='bbox 955 1465 1063 1546; x_wconf 83' lang='lat' dir='ltr'><strong>atque</strong></span> <span class='ocrx_word' id='word_1_46' title='bbox 1090 1456 1134 1524; x_wconf 90' lang='lat' dir='ltr'><strong>ad</strong></span> <span class='ocrx_word' id='word_1_47' title='bbox 1167 1455 1340 1523; x_wconf 85' lang='lat' dir='ltr'><strong>auditoria</strong></span> <span class='ocrx_word' id='word_1_48' title='bbox 1371 1455 1581 1546; x_wconf 75' lang='lat' dir='ltr'><strong>properare?</strong></span> 
     </span>
     <span class='ocr_line' id='line_1_8' title="bbox 533 1567 1582 1662; baseline 0.002 -26"><span class='ocrx_word' id='word_1_49' title='bbox 533 1567 626 1637; x_wconf 71' lang='lat' dir='ltr'><strong>‘Aut</strong></span> <span class='ocrx_word' id='word_1_50' title='bbox 651 1592 787 1639; x_wconf 86' lang='lat' dir='ltr'><strong>mrsum</strong></span> <span class='ocrx_word' id='word_1_51' title='bbox 817 1571 990 1662; x_wconf 86' lang='lat' dir='ltr'><strong>parvulus,</strong></span> <span class='ocrx_word' id='word_1_52' title='bbox 1015 1572 1075 1660; x_wconf 92' lang='lat' dir='ltr'><strong>qui</strong></span> <span class='ocrx_word' id='word_1_53' title='bbox 1106 1569 1198 1639; x_wconf 91' lang='lat' dir='ltr'><strong>lacte</strong></span> <span class='ocrx_word' id='word_1_54' title='bbox 1225 1570 1379 1638; x_wconf 86' lang='lat' dir='ltr'><strong>nutritus</strong></span> <span class='ocrx_word' id='word_1_55' title='bbox 1407 1580 1471 1650; x_wconf 91' lang='lat' dir='ltr'><strong>est,</strong></span> <span class='ocrx_word' id='word_1_56' title='bbox 1498 1592 1582 1638; x_wconf 91' lang='lat' dir='ltr'><strong>curn</strong></span> 
     </span>
     <span class='ocr_line' id='line_1_9' title="bbox 533 1684 1583 1778; baseline 0.002 -26"><span class='ocrx_word' id='word_1_57' title='bbox 533 1686 721 1775; x_wconf 85' lang='lat' dir='ltr'><strong>profecerit</strong></span> <span class='ocrx_word' id='word_1_58' title='bbox 738 1687 782 1755; x_wconf 87' lang='lat' dir='ltr'><strong>ad</strong></span> <span class='ocrx_word' id='word_1_59' title='bbox 801 1686 985 1756; x_wconf 82' lang='lat' dir='ltr'><strong>validiores</strong></span> <span class='ocrx_word' id='word_1_60' title='bbox 1008 1686 1114 1767; x_wconf 88' lang='lat' dir='ltr'><strong>cibos,</strong></span> <span class='ocrx_word' id='word_1_61' title='bbox 1133 1709 1213 1755; x_wconf 89' lang='lat' dir='ltr'><strong>curn</strong></span> <span class='ocrx_word' id='word_1_62' title='bbox 1239 1686 1367 1778; x_wconf 88' lang='lat' dir='ltr'><strong>injuria</strong></span> <span class='ocrx_word' id='word_1_63' title='bbox 1390 1684 1496 1753; x_wconf 87' lang='lat' dir='ltr'><strong>debet</strong></span> <span class='ocrx_word' id='word_1_64' title='bbox 1519 1686 1583 1754; x_wconf 85' lang='lat' dir='ltr'><strong>ab·</strong></span> 
     </span>
     <span class='ocr_line' id='line_1_10' title="bbox 526 1799 1580 1893; baseline 0 -25"><span class='ocrx_word' id='word_1_65' title='bbox 526 1800 638 1890; x_wconf 90' lang='lat' dir='ltr'><strong>jicere</strong></span> <span class='ocrx_word' id='word_1_66' title='bbox 660 1810 768 1893; x_wconf 86' lang='lat' dir='ltr'><strong>atque</strong></span> <span class='ocrx_word' id='word_1_67' title='bbox 793 1802 1040 1873; x_wconf 81' lang='lat' dir='ltr'><strong>exhorrescere</strong></span> <span class='ocrx_word' id='word_1_68' title='bbox 1062 1803 1209 1871; x_wconf 83' lang='lat' dir='ltr'><strong>nutricis</strong></span> <span class='ocrx_word' id='word_1_69' title='bbox 1231 1799 1465 1870; x_wconf 81' lang='lat' dir='ltr'><strong>mammillas?</strong></span> <span class='ocrx_word' id='word_1_70' title='bbox 1492 1802 1580 1890; x_wconf 94' lang='lat' dir='ltr'><strong>quin</strong></span> 
     </span>
     <span class='ocr_line' id='line_1_11' title="bbox 533 1915 1582 2006; baseline 0 -22"><span class='ocrx_word' id='word_1_71' title='bbox 533 1917 650 2006; x_wconf 86' lang='lat' dir='ltr'><strong>potius</strong></span> <span class='ocrx_word' id='word_1_72' title='bbox 675 1927 861 1986; x_wconf 90' lang='lat' dir='ltr'><strong>veneratur</strong></span> <span class='ocrx_word' id='word_1_73' title='bbox 892 1928 929 1987; x_wconf 89' lang='lat' dir='ltr'><strong>et</strong></span> <span class='ocrx_word' id='word_1_74' title='bbox 961 1917 1057 1998; x_wconf 89' lang='lat' dir='ltr'><strong>colit,</strong></span> <span class='ocrx_word' id='word_1_75' title='bbox 1083 1927 1121 1987; x_wconf 92' lang='lat' dir='ltr'><strong>et</strong></span> <span class='ocrx_word' id='word_1_76' title='bbox 1145 1917 1305 1986; x_wconf 87' lang='lat' dir='ltr'><strong>beneficii</strong></span> <span class='ocrx_word' id='word_1_77' title='bbox 1337 1918 1389 1985; x_wconf 89' lang='lat' dir='ltr'><strong>sui</strong></span> <span class='ocrx_word' id='word_1_78' title='bbox 1417 1915 1582 1985; x_wconf 86' lang='lat' dir='ltr'><strong>udebitor</strong></span> 
     </span>
     <span class='ocr_line' id='line_1_12' title="bbox 533 2030 1581 2113; baseline 0 -14"><span class='ocrx_word' id='word_1_79' title='bbox 533 2030 675 2099; x_wconf 85' lang='lat' dir='ltr'><strong>fatetur.</strong></span> <span class='ocrx_word' id='word_1_80' title='bbox 727 2031 839 2102; x_wconf 87' lang='lat' dir='ltr'><strong>Aliud</strong></span> <span class='ocrx_word' id='word_1_81' title='bbox 857 2033 975 2113; x_wconf 86' lang='lat' dir='ltr'><strong>etiarn,</strong></span> <span class='ocrx_word' id='word_1_82' title='bbox 994 2034 1022 2102; x_wconf 88' lang='lat' dir='ltr'><strong>si</strong></span> <span class='ocrx_word' id='word_1_83' title='bbox 1041 2033 1189 2113; x_wconf 90' lang='lat' dir='ltr'><strong>videtur,</strong></span> <span class='ocrx_word' id='word_1_84' title='bbox 1208 2031 1438 2101; x_wconf 84' lang='lat' dir='ltr'><strong>¹adlribemus</strong></span> <span class='ocrx_word' id='word_1_85' title='bbox 1459 2053 1581 2100; x_wconf 89' lang='lat' dir='ltr'><strong>exem-</strong></span> 
     </span>
     <span class='ocr_line' id='line_1_13' title="bbox 532 2145 1581 2240; baseline 0.001 -26"><span class='ocrx_word' id='word_1_86' title='bbox 532 2145 641 2236; x_wconf 91' lang='lat' dir='ltr'><strong>plum.</strong></span> <span class='ocrx_word' id='word_1_87' title='bbox 695 2145 815 2214; x_wconf 89' lang='lat' dir='ltr'><strong>Homo</strong></span> <span class='ocrx_word' id='word_1_88' title='bbox 833 2148 975 2237; x_wconf 88' lang='lat' dir='ltr'><strong>quidam</strong></span> <span class='ocrx_word' id='word_1_89' title='bbox 1003 2149 1202 2240; x_wconf 86' lang='lat' dir='ltr'><strong>projectum</strong></span> <span class='ocrx_word' id='word_1_90' title='bbox 1225 2149 1261 2216; x_wconf 93' lang='lat' dir='ltr'><strong>in</strong></span> <span class='ocrx_word' id='word_1_91' title='bbox 1280 2154 1410 2216; x_wconf 90' lang='lat' dir='ltr'><strong>terram</strong></span> <span class='ocrx_word' id='word_1_92' title='bbox 1429 2169 1510 2216; x_wconf 89' lang='lat' dir='ltr'><strong>cum</strong></span> <span class='ocrx_word' id='word_1_93' title='bbox 1528 2146 1581 2215; x_wconf 88' lang='lat' dir='ltr'><strong>vi-</strong></span> 
     </span>
     <span class='ocr_line' id='line_1_14' title="bbox 532 2260 1580 2355; baseline -0.001 -25"><span class='ocrx_word' id='word_1_94' title='bbox 532 2262 641 2332; x_wconf 86' lang='lat' dir='ltr'><strong>disset</strong></span> <span class='ocrx_word' id='word_1_95' title='bbox 658 2262 839 2345; x_wconf 87' lang='lat' dir='ltr'><strong>infantem‚</strong></span> <span class='ocrx_word' id='word_1_96' title='bbox 859 2274 896 2333; x_wconf 94' lang='lat' dir='ltr'><strong>et</strong></span> <span class='ocrx_word' id='word_1_97' title='bbox 909 2266 986 2355; x_wconf 87' lang='lat' dir='ltr'><strong>jam</strong></span> <span class='ocrx_word' id='word_1_98' title='bbox 1005 2263 1234 2333; x_wconf 89' lang='lat' dir='ltr'><strong>vehementer</strong></span> <span class='ocrx_word' id='word_1_99' title='bbox 1249 2261 1431 2346; x_wconf 86' lang='lat' dir='ltr'><strong>afflictum,</strong></span> <span class='ocrx_word' id='word_1_100' title='bbox 1449 2260 1580 2330; x_wconf 72' lang='lat' dir='ltr'><strong>tcolle-</strong></span> 
     </span>
     <span class='ocr_line' id='line_1_15' title="bbox 531 2379 1579 2471; baseline 0 -24"><span class='ocrx_word' id='word_1_101' title='bbox 531 2380 585 2471; x_wconf 84' lang='lat' dir='ltr'><strong>git</strong></span> <span class='ocrx_word' id='word_1_102' title='bbox 602 2402 695 2459; x_wconf 91' lang='lat' dir='ltr'><strong>eum,</strong></span> <span class='ocrx_word' id='word_1_103' title='bbox 713 2387 751 2448; x_wconf 90' lang='lat' dir='ltr'><strong>et</strong></span> <span class='ocrx_word' id='word_1_104' title='bbox 768 2380 901 2449; x_wconf 91' lang='lat' dir='ltr'><strong>nutrire</strong></span> <span class='ocrx_word' id='word_1_105' title='bbox 918 2380 1013 2471; x_wconf 85' lang='lat' dir='ltr'><strong>apud</strong></span> <span class='ocrx_word' id='word_1_106' title='bbox 1031 2402 1068 2448; x_wconf 91' lang='lat' dir='ltr'><strong>se</strong></span> <span class='ocrx_word' id='word_1_107' title='bbox 1091 2379 1207 2469; x_wconf 90' lang='lat' dir='ltr'><strong>coepit,</strong></span> <span class='ocrx_word' id='word_1_108' title='bbox 1225 2400 1407 2468; x_wconf 87' lang='lat' dir='ltr'><strong>usquequo</strong></span> <span class='ocrx_word' id='word_1_109' title='bbox 1425 2379 1469 2446; x_wconf 90' lang='lat' dir='ltr'><strong>ad</strong></span> <span class='ocrx_word' id='word_1_110' title='bbox 1495 2386 1579 2447; x_wconf 86' lang='lat' dir='ltr'><strong>aeta-</strong></span> 
     </span>
     <span class='ocr_line' id='line_1_16' title="bbox 533 2493 1579 2587; baseline 0.002 -25"><span class='ocrx_word' id='word_1_111' title='bbox 533 2502 606 2562; x_wconf 89' lang='lat' dir='ltr'><strong>tem</strong></span> <span class='ocrx_word' id='word_1_112' title='bbox 647 2494 896 2564; x_wconf 82' lang='lat' dir='ltr'><strong>adolescentiae</strong></span> <span class='ocrx_word' id='word_1_113' title='bbox 934 2496 1145 2587; x_wconf 86' lang='lat' dir='ltr'><strong>perveniret,</strong></span> <span class='ocrx_word' id='word_1_114' title='bbox 1178 2493 1412 2584; x_wconf 88' lang='lat' dir='ltr'><strong>toleravitque</strong></span> <span class='ocrx_word' id='word_1_115' title='bbox 1446 2515 1579 2575; x_wconf 87' lang='lat' dir='ltr'><strong>omnes,</strong></span> 
     </span>
     <span class='ocr_line' id='line_1_17' title="bbox 531 2608 1579 2699; baseline 0.003 -22"><span class='ocrx_word' id='word_1_116' title='bbox 531 2610 610 2699; x_wconf 83' lang='lat' dir='ltr'><strong>zqui</strong></span> <span class='ocrx_word' id='word_1_117' title='bbox 638 2612 778 2679; x_wconf 87' lang='lat' dir='ltr'><strong>evenire</strong></span> <span class='ocrx_word' id='word_1_118' title='bbox 803 2610 918 2680; x_wconf 86' lang='lat' dir='ltr'><strong>solent</strong></span> <span class='ocrx_word' id='word_1_119' title='bbox 944 2610 1186 2691; x_wconf 88' lang='lat' dir='ltr'><strong>nutritoribus,</strong></span> <span class='ocrx_word' id='word_1_120' title='bbox 1205 2609 1352 2679; x_wconf 87' lang='lat' dir='ltr'><strong>labores.</strong></span> <span class='ocrx_word' id='word_1_121' title='bbox 1404 2608 1579 2680; x_wconf 76' lang='lat' dir='ltr'><strong>¹¹Accedit</strong></span> 
     </span>
     <span class='ocr_line' id='line_1_18' title="bbox 532 2724 1578 2817; baseline 0.002 -25"><span class='ocrx_word' id='word_1_122' title='bbox 532 2748 615 2794; x_wconf 85' lang='lat' dir='ltr'><strong>vero</strong></span> <span class='ocrx_word' id='word_1_123' title='bbox 644 2734 725 2816; x_wconf 89' lang='lat' dir='ltr'><strong>post</strong></span> <span class='ocrx_word' id='word_1_124' title='bbox 752 2735 893 2817; x_wconf 89' lang='lat' dir='ltr'><strong>tempus</strong></span> <span class='ocrx_word' id='word_1_125' title='bbox 912 2727 952 2805; x_wconf 89' lang='lat' dir='ltr'><strong>is,</strong></span> <span class='ocrx_word' id='word_1_126' title='bbox 979 2726 1039 2816; x_wconf 92' lang='lat' dir='ltr'><strong>qui</strong></span> <span class='ocrx_word' id='word_1_127' title='bbox 1067 2725 1235 2794; x_wconf 85' lang='lat' dir='ltr'><strong>naturalis</strong></span> <span class='ocrx_word' id='word_1_128' title='bbox 1261 2726 1293 2793; x_wconf 90' lang='lat' dir='ltr'><strong>ei</strong></span> <span class='ocrx_word' id='word_1_129' title='bbox 1322 2724 1437 2793; x_wconf 83' lang='lat' dir='ltr'><strong>fuerat</strong></span> <span class='ocrx_word' id='word_1_130' title='bbox 1467 2732 1578 2815; x_wconf 74' lang='lat' dir='ltr'><strong>pater,</strong></span> 
     </span>
    </p>
   </div>
   <div class='ocr_carea' id='block_1_3' title="bbox 524 2838 1578 3279">
    <p class='ocr_par' dir='ltr' id='par_1_3' title="bbox 524 2838 1578 3279">
     <span class='ocr_line' id='line_1_19' title="bbox 531 2838 1578 2933; baseline 0 -25"><span class='ocrx_word' id='word_1_131' title='bbox 531 2841 708 2929; x_wconf 87' lang='lat' dir='ltr'><strong>requirere</strong></span> <span class='ocrx_word' id='word_1_132' title='bbox 731 2863 888 2933; x_wconf 90' lang='lat' dir='ltr'><strong>puerum,</strong></span> <span class='ocrx_word' id='word_1_133' title='bbox 915 2849 953 2909; x_wconf 88' lang='lat' dir='ltr'><strong>et</strong></span> <span class='ocrx_word' id='word_1_134' title='bbox 979 2841 1115 2909; x_wconf 92' lang='lat' dir='ltr'><strong>invenit</strong></span> <span class='ocrx_word' id='word_1_135' title='bbox 1145 2862 1227 2908; x_wconf 89' lang='lat' dir='ltr'><strong>eum</strong></span> <span class='ocrx_word' id='word_1_136' title='bbox 1252 2840 1345 2930; x_wconf 90' lang='lat' dir='ltr'><strong>apud</strong></span> <span class='ocrx_word' id='word_1_137' title='bbox 1376 2838 1490 2923; x_wconf 94' lang='lat' dir='ltr'><strong>illum,</strong></span> <span class='ocrx_word' id='word_1_138' title='bbox 1516 2841 1578 2929; x_wconf 91' lang='lat' dir='ltr'><strong>qui</strong></span> 
     </span>
     <span class='ocr_line' id='line_1_20' title="bbox 530 2954 1578 3047; baseline 0.002 -26"><span class='ocrx_word' id='word_1_139' title='bbox 530 2955 713 3024; x_wconf 85' lang='lat' dir='ltr'><strong>nutrierat.</strong></span> <span class='ocrx_word' id='word_1_140' title='bbox 765 2955 861 3038; x_wconf 88' lang='lat' dir='ltr'><strong>Quid</strong></span> <span class='ocrx_word' id='word_1_141' title='bbox 887 2956 993 3024; x_wconf 84' lang='lat' dir='ltr'><strong>faciat</strong></span> <span class='ocrx_word' id='word_1_142' title='bbox 1019 2954 1077 3025; x_wconf 92' lang='lat' dir='ltr'><strong>hic</strong></span> <span class='ocrx_word' id='word_1_143' title='bbox 1103 2977 1202 3047; x_wconf 89' lang='lat' dir='ltr'><strong>puer,</strong></span> <span class='ocrx_word' id='word_1_144' title='bbox 1224 2964 1323 3045; x_wconf 88' lang='lat' dir='ltr'><strong>patre</strong></span> <span class='ocrx_word' id='word_1_145' title='bbox 1340 2954 1505 3047; x_wconf 74' lang='lat' dir='ltr'><strong>cognito?</strong></span> <span class='ocrx_word' id='word_1_146' title='bbox 1532 2956 1578 3024; x_wconf 92' lang='lat' dir='ltr'><strong>de</strong></span> 
     </span>
     <span class='ocr_line' id='line_1_21' title="bbox 524 3068 1578 3162; baseline 0 -25"><span class='ocrx_word' id='word_1_147' title='bbox 524 3069 624 3158; x_wconf 89' lang='lat' dir='ltr'><strong>justo</strong></span> <span class='ocrx_word' id='word_1_148' title='bbox 649 3071 743 3137; x_wconf 90' lang='lat' dir='ltr'><strong>enim</strong></span> <span class='ocrx_word' id='word_1_149' title='bbox 773 3094 881 3162; x_wconf 92' lang='lat' dir='ltr'><strong>puero</strong></span> <span class='ocrx_word' id='word_1_150' title='bbox 910 3071 999 3139; x_wconf 92' lang='lat' dir='ltr'><strong>mihi</strong></span> <span class='ocrx_word' id='word_1_151' title='bbox 1030 3094 1144 3141; x_wconf 87' lang='lat' dir='ltr'><strong>senno</strong></span> <span class='ocrx_word' id='word_1_152' title='bbox 1176 3080 1241 3140; x_wconf 89' lang='lat' dir='ltr'><strong>est.</strong></span> <span class='ocrx_word' id='word_1_153' title='bbox 1297 3069 1427 3139; x_wconf 91' lang='lat' dir='ltr'><strong>Nonne</strong></span> <span class='ocrx_word' id='word_1_154' title='bbox 1455 3068 1578 3137; x_wconf 86' lang='lat' dir='ltr'><strong>multis</strong></span> 
     </span>
     <span class='ocr_line' id='line_1_22' title="bbox 530 3184 1578 3279; baseline 0.002 -28"><span class='ocrx_word' id='word_1_155' title='bbox 530 3184 630 3255; x_wconf 92' lang='lat' dir='ltr'><strong>donis</strong></span> <span class='ocrx_word' id='word_1_156' title='bbox 647 3197 832 3257; x_wconf 86' lang='lat' dir='ltr'><strong>munerato</strong></span> <span class='ocrx_word' id='word_1_157' title='bbox 849 3210 901 3268; x_wconf 90' lang='lat' dir='ltr'><strong>eo,</strong></span> <span class='ocrx_word' id='word_1_158' title='bbox 921 3188 979 3278; x_wconf 91' lang='lat' dir='ltr'><strong>qui</strong></span> <span class='ocrx_word' id='word_1_159' title='bbox 1005 3210 1042 3256; x_wconf 89' lang='lat' dir='ltr'><strong>se</strong></span> <span class='ocrx_word' id='word_1_160' title='bbox 1060 3187 1280 3267; x_wconf 82' lang='lat' dir='ltr'><strong>educaverat,</strong></span> <span class='ocrx_word' id='word_1_161' title='bbox 1299 3187 1458 3279; x_wconf 88' lang='lat' dir='ltr'><strong>sequitur</strong></span> <span class='ocrx_word' id='word_1_162' title='bbox 1475 3194 1578 3254; x_wconf 88' lang='lat' dir='ltr'><strong>natu-</strong></span> 
     </span>
    </p>
   </div>
   <div class='ocr_carea' id='block_1_4' title="bbox 527 3455 1578 4510">
    <p class='ocr_par' dir='ltr' id='par_1_4' title="bbox 531 3455 1576 3631">
     <span class='ocr_line' id='line_1_23' title="bbox 571 3455 1576 3524; baseline 0.004 -15"><span class='ocrx_word' id='word_1_163' title='bbox 571 3462 583 3497; x_wconf 71' lang='lat' dir='ltr'><strong>‘t</strong></span> <span class='ocrx_word' id='word_1_164' title='bbox 599 3455 636 3510; x_wconf 86' lang='lat' dir='ltr'><strong>Et</strong></span> <span class='ocrx_word' id='word_1_165' title='bbox 650 3455 696 3511; x_wconf 91' lang='lat' dir='ltr'><strong>hic</strong></span> <span class='ocrx_word' id='word_1_166' title='bbox 710 3457 809 3513; x_wconf 90' lang='lat' dir='ltr'><strong>melior</strong></span> <span class='ocrx_word' id='word_1_167' title='bbox 823 3458 972 3515; x_wconf 84' lang='lat' dir='ltr'><strong>Bobiensis</strong></span> <span class='ocrx_word' id='word_1_168' title='bbox 986 3459 1091 3516; x_wconf 84' lang='lat' dir='ltr'><strong>codicis</strong></span> <span class='ocrx_word' id='word_1_169' title='bbox 1104 3460 1205 3524; x_wconf 86' lang='lat' dir='ltr'><strong>lectio;</strong></span> <span class='ocrx_word' id='word_1_170' title='bbox 1229 3479 1294 3515; x_wconf 84' lang='lat' dir='ltr'><strong>narn</strong></span> <span class='ocrx_word' id='word_1_171' title='bbox 1306 3459 1468 3515; x_wconf 79' lang='lat' dir='ltr'><strong>Casinensis</strong></span> <span class='ocrx_word' id='word_1_172' title='bbox 1480 3458 1576 3523; x_wconf 82' lang='lat' dir='ltr'><strong>hebet,</strong></span> 
     </span>
     <span class='ocr_line' id='line_1_24' title="bbox 531 3552 977 3631; baseline 0.018 -26"><span class='ocrx_word' id='word_1_173' title='bbox 531 3554 577 3623; x_wconf 81' lang='lat' dir='ltr'><strong>qui</strong></span> <span class='ocrx_word' id='word_1_174' title='bbox 590 3570 606 3606; x_wconf 85' lang='lat' dir='ltr'><strong>a</strong></span> <span class='ocrx_word' id='word_1_175' title='bbox 621 3552 728 3608; x_wconf 85' lang='lat' dir='ltr'><strong>doctore</strong></span> <span class='ocrx_word' id='word_1_176' title='bbox 742 3555 778 3610; x_wconf 78' lang='lat' dir='ltr'><strong>iic</strong></span> <span class='ocrx_word' id='word_1_177' title='bbox 791 3573 807 3609; x_wconf 85' lang='lat' dir='ltr'><strong>a</strong></span> <span class='ocrx_word' id='word_1_178' title='bbox 817 3558 977 3631; x_wconf 77' lang='lat' dir='ltr'><strong>paedapopo.</strong></span> 
     </span>
    </p>

    <p class='ocr_par' dir='ltr' id='par_1_5' title="bbox 570 3658 1067 3725">
     <span class='ocr_line' id='line_1_25' title="bbox 570 3658 1067 3725; baseline 0.014 -12"><span class='ocrx_word' id='word_1_179' title='bbox 570 3668 582 3697; x_wconf 75' lang='lat'>¹</span> <span class='ocrx_word' id='word_1_180' title='bbox 597 3658 694 3715; x_wconf 82' lang='lat' dir='ltr'><strong>Codex</strong></span> <span class='ocrx_word' id='word_1_181' title='bbox 708 3660 867 3725; x_wconf 84' lang='lat' dir='ltr'><strong>Bobiensis‚</strong></span> <span class='ocrx_word' id='word_1_182' title='bbox 883 3663 1067 3720; x_wconf 82' lang='lat' dir='ltr'><strong>debonestare.</strong></span> 
     </span>
    </p>

    <p class='ocr_par' dir='ltr' id='par_1_6' title="bbox 527 3755 1578 4029">
     <span class='ocr_line' id='line_1_26' title="bbox 570 3755 1578 3835; baseline 0.003 -24"><span class='ocrx_word' id='word_1_183' title='bbox 570 3764 581 3795; x_wconf 81' lang='lat'><strong>⁸</strong></span> <span class='ocrx_word' id='word_1_184' title='bbox 605 3755 703 3812; x_wconf 87' lang='lat' dir='ltr'><strong>Codex</strong></span> <span class='ocrx_word' id='word_1_185' title='bbox 726 3756 898 3822; x_wconf 84' lang='lat' dir='ltr'><strong>Cusinensis.</strong></span> <span class='ocrx_word' id='word_1_186' title='bbox 920 3769 1036 3835; x_wconf 77' lang='lat' dir='ltr'><strong>oportet,</strong></span> <span class='ocrx_word' id='word_1_187' title='bbox 1057 3770 1083 3816; x_wconf 89' lang='lat' dir='ltr'><strong>et</strong></span> <span class='ocrx_word' id='word_1_188' title='bbox 1103 3762 1286 3835; x_wconf 77' lang='lat' dir='ltr'><strong>paedapopum,</strong></span> <span class='ocrx_word' id='word_1_189' title='bbox 1305 3770 1421 3835; x_wconf 86' lang='lat' dir='ltr'><strong>propter</strong></span> <span class='ocrx_word' id='word_1_190' title='bbox 1441 3760 1578 3834; x_wconf 79' lang='lat' dir='ltr'><strong>paedore</strong></span> 
     </span>
     <span class='ocr_line' id='line_1_27' title="bbox 527 3854 1576 3933; baseline 0.004 -26"><span class='ocrx_word' id='word_1_191' title='bbox 527 3854 585 3924; x_wconf 71' lang='lat' dir='ltr'><strong>rp&#39;us</strong></span> <span class='ocrx_word' id='word_1_192' title='bbox 599 3871 649 3908; x_wconf 85' lang='lat' dir='ltr'><strong>non</strong></span> <span class='ocrx_word' id='word_1_193' title='bbox 662 3855 770 3929; x_wconf 78' lang='lat' dir='ltr'><strong>indipet.</strong></span> <span class='ocrx_word' id='word_1_194' title='bbox 814 3856 851 3911; x_wconf 86' lang='lat' dir='ltr'><strong>Et</strong></span> <span class='ocrx_word' id='word_1_195' title='bbox 865 3857 949 3930; x_wconf 82' lang='lat' dir='ltr'><strong>paulo</strong></span> <span class='ocrx_word' id='word_1_196' title='bbox 965 3867 1039 3931; x_wconf 85' lang='lat' dir='ltr'><strong>post,</strong></span> <span class='ocrx_word' id='word_1_197' title='bbox 1054 3868 1133 3932; x_wconf 83' lang='lat' dir='ltr'><strong>ntpnc</strong></span> <span class='ocrx_word' id='word_1_198' title='bbox 1142 3859 1312 3933; x_wconf 84' lang='lat' dir='ltr'><strong>plauditorio</strong></span> <span class='ocrx_word' id='word_1_199' title='bbox 1323 3876 1482 3932; x_wconf 84' lang='lat' dir='ltr'><strong>properare.</strong></span> <span class='ocrx_word' id='word_1_200' title='bbox 1516 3854 1576 3912; x_wconf 87' lang='lat' dir='ltr'><strong>Sed</strong></span> 
     </span>
     <span class='ocr_line' id='line_1_28' title="bbox 528 3951 1242 4029; baseline 0.011 -26"><span class='ocrx_word' id='word_1_201' title='bbox 528 3969 581 4005; x_wconf 86' lang='lat' dir='ltr'><strong>nos</strong></span> <span class='ocrx_word' id='word_1_202' title='bbox 597 3951 743 4008; x_wconf 84' lang='lat' dir='ltr'><strong>Bobicnsis</strong></span> <span class='ocrx_word' id='word_1_203' title='bbox 757 3953 862 4009; x_wconf 88' lang='lat' dir='ltr'><strong>codicis</strong></span> <span class='ocrx_word' id='word_1_204' title='bbox 876 3955 1026 4011; x_wconf 87' lang='lat' dir='ltr'><strong>lectionem</strong></span> <span class='ocrx_word' id='word_1_205' title='bbox 1042 3956 1242 4029; x_wconf 79' lang='lat' dir='ltr'><strong>expressimus.</strong></span> 
     </span>
    </p>

    <p class='ocr_par' dir='ltr' id='par_1_7' title="bbox 570 4047 939 4113">
     <span class='ocr_line' id='line_1_29' title="bbox 570 4047 939 4113; baseline 0.016 -12"><span class='ocrx_word' id='word_1_206' title='bbox 570 4051 579 4089; x_wconf 85' lang='lat' dir='ltr'><strong>t</strong></span> <span class='ocrx_word' id='word_1_207' title='bbox 595 4047 751 4113; x_wconf 85' lang='lat' dir='ltr'><strong>Bobiensis,</strong></span> <span class='ocrx_word' id='word_1_208' title='bbox 771 4049 807 4105; x_wconf 88' lang='lat' dir='ltr'><strong>Ut</strong></span> <span class='ocrx_word' id='word_1_209' title='bbox 821 4070 939 4107; x_wconf 77' lang='lat' dir='ltr'><strong>rursum.</strong></span> 
     </span>
    </p>

    <p class='ocr_par' dir='ltr' id='par_1_8' title="bbox 569 4141 1575 4223">
     <span class='ocr_line' id='line_1_30' title="bbox 569 4141 1575 4223; baseline 0.003 -25"><span class='ocrx_word' id='word_1_210' title='bbox 569 4153 584 4182; x_wconf 83' lang='lat'><strong>¹¹</strong></span> <span class='ocrx_word' id='word_1_211' title='bbox 600 4143 772 4213; x_wconf 81' lang='lat' dir='ltr'><strong>Casinensis,</strong></span> <span class='ocrx_word' id='word_1_212' title='bbox 786 4147 941 4203; x_wconf 79' lang='lat' dir='ltr'><strong>debitorem.</strong></span> <span class='ocrx_word' id='word_1_213' title='bbox 977 4149 1071 4214; x_wconf 84' lang='lat' dir='ltr'><strong>Forte,</strong></span> <span class='ocrx_word' id='word_1_214' title='bbox 1086 4158 1112 4204; x_wconf 84' lang='lat' dir='ltr'><strong>et</strong></span> <span class='ocrx_word' id='word_1_215' title='bbox 1127 4141 1244 4223; x_wconf 79' lang='lat' dir='ltr'><strong>beneficii</strong></span> <span class='ocrx_word' id='word_1_216' title='bbox 1257 4168 1286 4202; x_wconf 81' lang='lat' dir='ltr'><strong>ee</strong></span> <span class='ocrx_word' id='word_1_217' title='bbox 1300 4148 1445 4203; x_wconf 87' lang='lat' dir='ltr'><strong>debitorem</strong></span> <span class='ocrx_word' id='word_1_218' title='bbox 1453 4146 1575 4218; x_wconf 81' lang='lat' dir='ltr'><strong>fatetur.</strong></span> 
     </span>
    </p>

    <p class='ocr_par' dir='ltr' id='par_1_9' title="bbox 568 4241 1281 4319">
     <span class='ocr_line' id='line_1_31' title="bbox 568 4241 1281 4319; baseline 0.008 -23"><span class='ocrx_word' id='word_1_219' title='bbox 568 4249 582 4275; x_wconf 80' lang='lat'>¹</span> <span class='ocrx_word' id='word_1_220' title='bbox 597 4241 755 4309; x_wconf 86' lang='lat' dir='ltr'><strong>Bobiensis,</strong></span> <span class='ocrx_word' id='word_1_221' title='bbox 769 4244 947 4301; x_wconf 77' lang='lat' dir='ltr'><strong>adhibeamus.</strong></span> <span class='ocrx_word' id='word_1_222' title='bbox 972 4246 1050 4318; x_wconf 83' lang='lat' dir='ltr'><strong>(For.</strong></span> <span class='ocrx_word' id='word_1_223' title='bbox 1067 4247 1281 4319; x_wconf 78' lang='lat' dir='ltr'><strong>recipiendum.)</strong></span> 
     </span>
    </p>

    <p class='ocr_par' dir='ltr' id='par_1_10' title="bbox 569 4337 1329 4418">
     <span class='ocr_line' id='line_1_32' title="bbox 569 4337 1329 4418; baseline 0.009 -28"><span class='ocrx_word' id='word_1_224' title='bbox 569 4347 582 4388; x_wconf 75' lang='lat' dir='ltr'><strong>t·</strong></span> <span class='ocrx_word' id='word_1_225' title='bbox 599 4337 678 4393; x_wconf 83' lang='lat' dir='ltr'><strong>ldcrn</strong></span> <span class='ocrx_word' id='word_1_226' title='bbox 693 4339 792 4406; x_wconf 89' lang='lat' dir='ltr'><strong>codex,</strong></span> <span class='ocrx_word' id='word_1_227' title='bbox 808 4342 921 4417; x_wconf 80' lang='lat' dir='ltr'><strong>callipit,</strong></span> <span class='ocrx_word' id='word_1_228' title='bbox 937 4351 964 4397; x_wconf 86' lang='lat' dir='ltr'><strong>et</strong></span> <span class='ocrx_word' id='word_1_229' title='bbox 979 4345 1084 4399; x_wconf 85' lang='lat' dir='ltr'><strong>nutrire</strong></span> <span class='ocrx_word' id='word_1_230' title='bbox 1097 4345 1170 4418; x_wconf 85' lang='lat' dir='ltr'><strong>opud</strong></span> <span class='ocrx_word' id='word_1_231' title='bbox 1182 4363 1211 4398; x_wconf 86' lang='lat' dir='ltr'><strong>se</strong></span> <span class='ocrx_word' id='word_1_232' title='bbox 1225 4347 1329 4417; x_wconf 76' lang='lat' dir='ltr'><strong>querit.</strong></span> 
     </span>
    </p>

    <p class='ocr_par' dir='ltr' id='par_1_11' title="bbox 567 4433 1342 4510">
     <span class='ocr_line' id='line_1_33' title="bbox 567 4433 1342 4510; baseline 0.009 -23"><span class='ocrx_word' id='word_1_233' title='bbox 567 4443 581 4472; x_wconf 86' lang='lat' dir='ltr'>z</span> <span class='ocrx_word' id='word_1_234' title='bbox 597 4433 676 4489; x_wconf 88' lang='lat' dir='ltr'><strong>Idem</strong></span> <span class='ocrx_word' id='word_1_235' title='bbox 691 4434 790 4500; x_wconf 86' lang='lat' dir='ltr'><strong>codex,</strong></span> <span class='ocrx_word' id='word_1_236' title='bbox 805 4439 851 4510; x_wconf 81' lang='lat' dir='ltr'><strong>qui</strong></span> <span class='ocrx_word' id='word_1_237' title='bbox 864 4442 954 4494; x_wconf 84' lang='lat' dir='ltr'><strong>ccrrire</strong></span> <span class='ocrx_word' id='word_1_238' title='bbox 967 4440 1052 4496; x_wconf 77' lang='lat' dir='ltr'><strong>solem</strong></span> <span class='ocrx_word' id='word_1_239' title='bbox 1067 4441 1215 4496; x_wconf 78' lang='lat' dir='ltr'><strong>nutricibus</strong></span> <span class='ocrx_word' id='word_1_240' title='bbox 1227 4442 1342 4497; x_wconf 79' lang='lat' dir='ltr'><strong>labores.</strong></span> 
     </span>
    </p>
   </div>
   <div class='ocr_carea' id='block_1_5' title="bbox 521 4530 1577 4693">
    <p class='ocr_par' dir='ltr' id='par_1_12' title="bbox 521 4530 1577 4693">
     <span class='ocr_line' id='line_1_34' title="bbox 569 4530 1577 4613; baseline 0.011 -29"><span class='ocrx_word' id='word_1_241' title='bbox 569 4539 584 4569; x_wconf 57' lang='grc' dir='ltr'><strong>ὃ</strong></span> <span class='ocrx_word' id='word_1_242' title='bbox 605 4530 684 4586; x_wconf 90' lang='lat' dir='ltr'><strong>Idem</strong></span> <span class='ocrx_word' id='word_1_243' title='bbox 700 4532 799 4598; x_wconf 90' lang='lat' dir='ltr'><strong>codex,</strong></span> <span class='ocrx_word' id='word_1_244' title='bbox 814 4536 924 4592; x_wconf 85' lang='lat' dir='ltr'><strong>Accidit</strong></span> <span class='ocrx_word' id='word_1_245' title='bbox 938 4547 1075 4610; x_wconf 72' lang='lat' dir='ltr'><strong>vertipos!</strong></span> <span class='ocrx_word' id='word_1_246' title='bbox 1089 4547 1202 4613; x_wconf 78' lang='lat' dir='ltr'><strong>ternpus,</strong></span> <span class='ocrx_word' id='word_1_247' title='bbox 1218 4548 1246 4594; x_wconf 85' lang='lat' dir='ltr'><strong>ut</strong></span> <span class='ocrx_word' id='word_1_248' title='bbox 1264 4540 1288 4594; x_wconf 84' lang='lat' dir='ltr'><strong>is</strong></span> <span class='ocrx_word' id='word_1_249' title='bbox 1302 4539 1348 4612; x_wconf 81' lang='lat' dir='ltr'><strong>qni</strong></span> <span class='ocrx_word' id='word_1_250' title='bbox 1362 4543 1407 4600; x_wconf 71' lang='lat' dir='ltr'><strong>tc.</strong></span> <span class='ocrx_word' id='word_1_251' title='bbox 1425 4536 1577 4609; x_wconf 73' lang='lat' dir='ltr'><strong>requireret</strong></span> 
     </span>
     <span class='ocr_line' id='line_1_35' title="bbox 521 4625 907 4693; baseline 0.031 -20"><span class='ocrx_word' id='word_1_252' title='bbox 521 4638 644 4693; x_wconf 82' lang='lat' dir='ltr'><strong>puerum,</strong></span> <span class='ocrx_word' id='word_1_253' title='bbox 656 4631 682 4677; x_wconf 85' lang='lat' dir='ltr'><strong>et</strong></span> <span class='ocrx_word' id='word_1_254' title='bbox 697 4625 826 4681; x_wconf 81' lang='lat' dir='ltr'><strong>inveniret</strong></span> <span class='ocrx_word' id='word_1_255' title='bbox 841 4647 907 4684; x_wconf 83' lang='lat' dir='ltr'><strong>eum.</strong></span> 
     </span>
    </p>
   </div>
   <div class='ocr_carea' id='block_1_6' title="bbox 0 0 1914 5692">
    <p class='ocr_par' dir='ltr' id='par_1_13' title="bbox 0 0 1914 5692">
     <span class='ocr_line' id='line_1_36' title="bbox 0 0 1914 5692; baseline 0 1"><span class='ocrx_word' id='word_1_256' title='bbox 0 0 1914 5692; x_wconf 95' lang='lat' dir='ltr'><strong> </strong></span> 
     </span>
    </p>
   </div>
  </div>
 </body>
</html>
