3817 5692
598 704 841 768 RESPONSA
866 705 932 766 ΑΙ)
956 704 1221 768 EPISCOPOS.
1366 704 1431 771 229

380 872 560 944 heresim:
588 883 619 944 ei
629 884 828 968 potestatem
846 874 1048 969 baptizandi
1060 876 1227 970 episeopis
1244 874 1346 959 dedit,
1361 899 1430 947 non

381 986 563 1060 hoerotioia
606 989 722 1078 Quare
738 990 817 1083 ⁸qni
834 999 933 1060 antro
947 988 1136 1061 Ecclesiam
1153 999 1244 1073 sunt,
1262 999 1294 1061 et
1310 1000 1429 1061 corrtro

382 1100 560 1174 Christum
579 1111 807 1187 monteaureo
829 1103 899 1198 ojrn
921 1113 952 1175 ot
969 1128 1104 1202 prepom
1126 1113 1303 1201 sporpnnt
1321 1102 1430 1198 bapti-

380 1215 569 1312 zureforis
587 1242 655 1289 non
670 1229 823 1312 possunt.

430 1331 492 1402 Ad
515 1333 582 1403 hoo
600 1333 745 1415 addidit,
752 1331 863 1428 forie,
881 1344 921 1403 ut
946 1336 977 1403 ei
997 1336 1082 1427 tjam
1108 1336 1263 1405 breviter
1288 1356 1430 1427 respon-

381 1448 455 1516 deri
474 1470 543 1516 non
562 1449 681 1539 possit.
736 1447 831 1518 Nam
856 1459 894 1517 et
919 1448 1003 1518 huie
1029 1449 1179 1519 totidem
1206 1471 1297 1541 pene
1314 1450 1430 1519 verbis

381 1563 432 1631 ita
456 1562 747 1653 responderetur:
772 1559 877 1631 Jesus
894 1561 1057 1633 Christus
1076 1562 1252 1633 Dominus
1275 1572 1312 1633 et
1330 1564 1430 1634 Deus

381 1683 511 1755 noster,
529 1673 597 1744 Dei
624 1674 739 1745 Patris
764 1684 801 1746 et
827 1677 994 1745 creatoris
1019 1676 1139 1758 Filius,
1163 1700 1267 1769 super
1291 1687 1427 1770 petram

382 1789 566 1858 aedificavit
584 1787 791 1871 Ecclesiam,
810 1813 880 1859 nou
907 1813 1012 1883 super
1036 1792 1282 1881 iniquitatem:
1309 1801 1347 1862 et
1367 1817 1430 1887 po-

381 1912 548 1973 testatem
588 1905 788 1997 baptinandi
828 1907 1002 1999 episcopis
1040 1907 1150 1988 dedit,
1185 1930 1255 1976 non
1291 1908 1429 2000 iniquis.

382 2018 501 2101 Quare
530 2021 590 2112 qui
621 2043 690 2090 non
721 2020 902 2112 pertinent
935 2020 980 2090 ad
1011 2031 1160 2111 petram,
1188 2042 1293 2112 super
1323 2042 1429 2111 qnam

381 2132 555 2204 {edificant
575 2136 635 2225 qui
652 2136 759 2205 verba
777 2133 846 2204 Dei
870 2135 1017 2204 audiunt
1043 2145 1081 2204 et
1105 2135 1250 2215 faciunt,
1268 2134 1329 2204 sed
1346 2156 1430 2204 oon·
1453 2166 1455 2169 ·
1508 2182 1511 2190 s

382 2258 436 2318 tra
453 2249 634 2320 Christum
661 2252 821 2322 viventes
848 2251 1023 2321 audiendo
1050 2250 1156 2321 verba
1185 2252 1260 2343 ejus
1290 2259 1328 2320 et
1357 2272 1428 2319 non

382 2364 551 2446 faciendo,
570 2388 611 2435 ao
636 2389 700 2457 per
725 2365 791 2436 hoe
818 2388 922 2458 super
946 2388 1088 2436 arenam
1111 2365 1327 2449 mdifioando,
1345 2388 1429 2435 oves

382 2478 457 2568 ejus
479 2487 516 2548 et
537 2501 681 2571 gregem
698 2479 917 2570 perditorum
935 2501 1073 2547 morum
1093 2479 1257 2571 exemplo
1274 2502 1430 2549 corrum-

381 2600 482 2681 punt,
500 2591 679 2683 baptizare
699 2616 770 2662 non
793 2602 950 2683 possunt.
1003 2592 1186 2684 Numquid
1213 2616 1285 2662 uon
1310 2601 1429 2685 posset

382 2705 449 2775 hoo
466 2707 703 2777 verisimiliter
728 2708 820 2778 diei?
847 2715 884 2776 et
902 2717 1022 2777 tamen
1040 2706 1167 2777 falsum
1188 2718 1252 2779 est.
1304 2707 1428 2799 Bapti-

382 2829 464 2889 zant
487 2822 617 2913 quippe
643 2822 775 2912 iniqui;
801 2823 968 2914 quoniam
994 2822 1105 2911 iniqui
1129 2831 1212 2892 sunt
1235 2820 1287 2891 illi
1312 2830 1430 2913 rapto·

381 2955 447 3016 res,
465 2959 553 3027 quos
578 2938 613 3006 in
639 2937 776 3007 unitate
799 2959 919 3007 seeum
943 2938 1076 3027 positos
1093 2937 1289 3030 Cyprianus
1305 2959 1429 3029 argue·

382 3050 454 3120 bat.
506 3052 576 3121 Sed
610 3051 700 3133 ideo,
733 3053 885 3143 “inquit
915 3051 1051 3122 addidit
1074 3049 1185 3146 soris.
1237 3051 1310 3121 Cur
1344 3074 1428 3145 ergo

382 3167 440 3235 isti
472 3167 554 3236 foris
584 3167 762 3259 baptizare
792 3189 863 3236 non
892 3165 1062 3258 possunt?
1098 3164 1160 3236 An
1186 3167 1268 3258 qnia
1292 3168 1429 3258 pejores

382 3290 465 3350 sunt
484 3305 526 3351 eo
549 3283 623 3374 ipso
646 3305 715 3373 quo
737 3281 820 3351 foris
842 3282 952 3351 sunt?
992 3280 1064 3352 Sed
1092 3281 1180 3350 nihil
1209 3283 1357 3352 interest
1383 3282 1428 3352 ad

382 3397 621 3492 integritatem
641 3399 816 3490 baptismi,
835 3407 968 3490 quanto
991 3398 1090 3489 pejor
1112 3397 1149 3466 id
1172 3397 1299 3467 tradat.
1351 3395 1429 3468 Ne·

382 3534 451 3601 que
468 3513 562 3580 euim
581 3521 721 3581 tantum
746 3514 893 3581 interest
918 3513 1013 3582 inter
1037 3511 1169 3581 malum
1197 3519 1234 3580 et
1259 3511 1426 3602 pejorem,

381 3638 552 3718 qnantum
571 3628 718 3698 interest
736 3628 830 3698 inter
846 3627 979 3698 bonum
1006 3636 1044 3696 et
1069 3626 1224 3697 malum:
1252 3633 1427 3695 ettamen

382 3939 459 4012 prior
472 3957 561 4001 meus,
577 3938 693 4013 perinde
708 3957 741 3995 ao
756 3938 890 4014 Cypriani
904 3940 1011 4015 aliquot
1025 3936 1117 3995 MSS.
1132 3938 1182 3994 sed
1200 3937 1304 3994 rectius
1317 3945 1427 4012 petrum

383 4043 501 4109 utroque
515 4035 578 4091 loco
592 4036 663 4091 alter
677 4037 778 4107 meus.)

423 4144 434 4173 ³
450 4132 540 4188 Sinin
556 4129 647 4188 MSS.
663 4132 802 4206 plerisque
819 4140 848 4187 et
868 4132 942 4206 apud
957 4132 1028 4188 Lov.
1042 4140 1071 4187 et
1086 4130 1174 4206 cypr.
1217 4131 1257 4186 At
1270 4129 1345 4203 apud
1359 4131 1426 4185 Am.

382 4236 411 4284 et
434 4228 484 4284 Er.
508 4228 625 4292 Quare?
648 4227 717 4291 Quia
741 4236 820 4284 entra
835 4228 884 4285 &e
928 4228 980 4301 (Et
1004 4228 1066 4303 quio
1090 4246 1142 4301 pro
1165 4225 1211 4301 qui
1235 4225 1313 4299 prior
1337 4226 1427 4281 codex

382 4331 483 4399 meus.)

423 4426 435 4465 t
449 4424 628 4481 corbeiensis
642 4431 671 4480 et
685 4423 857 4499 antiquiores
871 4423 985 4498 quidum
1001 4421 1091 4479 MSS.
1107 4430 1162 4478 tum
1177 4420 1303 4476 breuiter.

422 4530 438 4561 ¹¹
453 4518 504 4576 Er.
527 4528 555 4576 et
577 4519 648 4576 Lov.
668 4520 786 4594 inquom.
830 4522 869 4576 At
884 4521 948 4575 Am.
964 4526 993 4576 et
1006 4516 1097 4575 MSS.
1112 4516 1208 4591 iuquit,
1224 4514 1351 4580 subaudi,
1366 4513 1426 4571 Do·

381 4617 493 4673 natista.
