3817 5692
493 705 538 771 9⁰
725 699 979 765 ARCHELAI
1003 701 1067 763 ET
1092 698 1314 761 MANETIS

494 876 599 946 unius
627 897 703 945 esse
726 875 880 953 factoris,
904 896 947 942 co
974 872 1067 963 quod
1094 892 1287 940 consonare
1317 871 1353 938 in
1381 871 1546 960 conjunc-

496 992 593 1060 tione
610 1012 681 1058 uon
698 989 809 1080 possit
832 1010 922 1078 opus
944 988 1058 1068 nnius,
1076 986 1105 1055 si
1129 986 1348 1078 propositum
1366 986 1509 1055 artificis
1525 1008 1547 1054 a

495 1127 534 1175 se
560 1104 762 1174 dissentiret
787 1102 941 1173 alterius.
993 1101 1099 1185 Quod
1125 1101 1153 1170 si
1183 1101 1321 1170 dicatur
1347 1122 1458 1169 unum
1485 1123 1547 1169 ex·

494 1218 625 1310 plicare
638 1227 829 1308 utrumque
842 1217 990 1285 minime
1001 1216 1160 1296 valuisse,
1172 1216 1415 1284 infirmitatem
1429 1222 1547 1284 osten·

495 1334 549 1403 dit
565 1332 730 1412 artificis;
757 1331 841 1421 quia
865 1339 903 1399 et
925 1331 954 1399 si
980 1331 1074 1400 dicat
1099 1330 1178 1420 quis
1203 1329 1358 1398 animam
1375 1329 1457 1399 boni
1477 1327 1546 1399 Dei

495 1470 580 1529 esse,
599 1448 752 1518 otiosum
771 1468 858 1537 opus
882 1446 1062 1514 invenitur
1079 1445 1243 1527 hominis,
1262 1444 1329 1513 nisi
1346 1444 1454 1513 etiam
1472 1466 1547 1513 ccr-

494 1584 561 1654 pus
591 1561 778 1652 acceperit.
841 1559 947 1642 Quod
978 1561 1005 1629 si
1038 1582 1176 1629 rursum
1207 1581 1333 1650 corpus
1363 1557 1446 1628 mali
1476 1557 1546 1627 Dei

494 1675 633 1744 dicatur
654 1696 729 1743 esse
753 1672 977 1764 figmentum,
994 1675 1147 1744 otiosum
1171 1672 1399 1742 nihilominus
1422 1671 1499 1753 erit,
1517 1672 1545 1740 si

494 1790 651 1858 animam
682 1775 753 1857 ndu
784 1789 979 1879 acceperit:
1018 1811 1095 1878 quae
1109 1788 1250 1879 'utique
1280 1789 1345 1857 nisi
1376 1788 1547 1858 commix-

495 1907 603 1987 tione,
625 1902 751 1993 ¹atque
772 1902 838 1973 sibi
856 1903 1009 1973 invicem
1024 1903 1131 1972 fuerit
1148 1904 1283 1973 inserta
1295 1926 1376 1973 cum
1389 1926 1545 1994 corpore,

494 2018 601 2089 homo
626 2042 692 2089 nec
718 2020 796 2101 erit,
814 2041 881 2088 nec
906 2018 1054 2087 dicetur.
1107 2016 1213 2088 Unde
1234 2016 1357 2090 multis
1374 2016 1547 2110 exemplis

494 2134 703 2226 approbavit
730 2131 938 2214 Archelaus,
970 2133 1082 2201 totius
1111 2132 1265 2203 hominis
1294 2156 1405 2203 unum
1439 2142 1546 2223 atque

494 2249 648 2318 eundem
669 2269 745 2318 esse
769 2246 951 2316 factorem.
1005 2245 1231 2316 Ancnnnuus
1253 2267 1369 2328 mxrr,
1388 2246 1487 2317 Scire
1510 2255 1546 2316 te

494 2384 567 2431 non
584 2361 720 2443 dubito,
739 2361 878 2442 Manes,
896 2359 984 2443 hoc;
1007 2361 1102 2453 quod
1125 2364 1327 2453 generantis
1348 2372 1410 2432 aut
1427 2384 1547 2432 crean-

494 2478 542 2546 tis
560 2475 652 2545 filius
671 2475 800 2546 dicitur
817 2475 887 2557 ille,
906 2476 966 2567 qui
985 2478 1105 2544 ‘natus
1121 2485 1185 2558 est,
1200 2485 1238 2545 et
1255 2484 1404 2547 creatus.
1442 2476 1546 2559 Quod

495 2592 524 2662 si
554 2590 731 2683 malignus
758 2591 941 2660 hominem
967 2591 1082 2671 fiuxit,
1107 2598 1208 2683 pater
1233 2593 1309 2682 ejus
1336 2615 1412 2662 esse
1439 2592 1547 2662 debet

496 2706 690 2777 secundum
717 2715 891 2776 naturam.
945 2704 994 2774 Et
1020 2704 1076 2775 oui
1104 2728 1188 2797 ergo
1212 2706 1354 2777 dicebat
1372 2693 1547 2776 Dominus

495 2820 613 2906 Jesus,
632 2821 763 2890 docens
789 2843 887 2890 orare
913 2820 1086 2903 homines,
1104 2818 1185 2891 ²Sic
1206 2817 1405 2891 diodorum
1428 2821 1547 2903 oratic,

495 2933 606 3011 Pater
622 2944 748 3020 norim,
767 2935 828 3028 qui
844 2959 879 3005 ar
896 2934 935 3003 ia
953 2931 1078 3005 cerlis?
1115 2935 1163 3004 Et
1180 2937 1321 3016 iterum,
1340 2935 1470 3007 ”Orare
1483 2959 1548 3029 pc-

497 3056 582 3119 trem
601 3056 759 3131 uestrum,
777 3047 839 3141 qai
855 3055 904 3118 est
926 3047 965 3117 ia
983 3046 1160 3119 occullo³l²
1203 3048 1260 3119 De
1278 3050 1410 3120 Satana
1425 3058 1547 3119 autem

496 3165 589 3234 dixit
606 3165 734 3234 vidisse
751 3188 788 3234 se
806 3186 899 3245 eum,
917 3161 1035 3236 ⁴Sicul
1047 3161 1177 3260 sulpur
1193 3163 1365 3235 rudentem
1389 3163 1431 3234 de
1453 3162 1546 3235 cerlo.

496 3280 549 3350 uti
577 3303 623 3350 ne
645 3279 832 3370 quisquam
857 3282 988 3350 audeat
1015 3279 1141 3362 dicere,
1160 3280 1255 3371 quod
1272 3280 1387 3371 ipsum
1406 3301 1469 3349 nos
1486 3279 1548 3349 do·

496 3394 600 3464 oebat
618 3417 736 3477 orare;
763 3396 989 3485 nequeenim
1004 3394 1233 3464 descenderat
1247 3393 1362 3476 Jesus,
1376 3405 1418 3466 ut
1434 3394 1548 3463 homi·

496 3530 559 3578 nes
576 3510 806 3601 conjungeret
828 3518 866 3578 et
888 3508 1133 3579 reconciliaret
1150 3508 1302 3592 Satanae,
1321 3512 1407 3601 quin
1429 3509 1548 3602 potius

437 3711 445 3726 .
497 3624 752 3694 conterendum
774 3646 858 3694 eum
885 3625 950 3694 sub
973 3624 1122 3716 pedibus
1138 3622 1298 3693 fidelium
1316 3646 1458 3693 suorum
1477 3631 1549 3693 tra·

497 3738 597 3806 didit.
649 3738 722 3808 Sed
748 3762 814 3832 ego
840 3739 1016 3810 beatiores
1037 3741 1123 3808 istos
1146 3740 1262 3808 dicam
1280 3760 1356 3808 esse
1374 3736 1547 3820 Gentiles,

497 3854 558 3943 qui
584 3852 716 3923 multos
741 3854 885 3945 quidem
911 3853 1142 3924 introducunt
1160 3852 1266 3935 Deos,
1285 3854 1468 3922 unanimes
1495 3862 1549 3923 ta-

497 3987 590 4046 men,
616 3974 724 4057 atque
755 3966 886 4037 amicos
916 3990 977 4037 eos
1007 3967 1242 4048 confitentur3
1268 3965 1326 4036 hic
1350 3989 1433 4035 vero
1459 3966 1548 4037 duos

497 4079 733 4161 introducens,
751 4081 953 4151 inimicitias
976 4083 1069 4151 iuter
1089 4103 1162 4162 eos,
1180 4081 1447 4173 discordemque
1470 4103 1548 4151 sen·

537 4263 549 4305 t
564 4263 597 4319 Iu
612 4266 712 4322 eodem
727 4267 823 4324 codice
837 4268 951 4342 legitur,
967 4278 1047 4325 uatus
1060 4276 1101 4325 ert
1115 4276 1232 4325 creatus.

538 4368 555 4400 ¹¹
568 4359 674 4416 Melius
688 4360 716 4417 in
730 4363 865 4437 Vulgata,
884 4364 942 4420 Ora
957 4365 1072 4422 Putrem
1087 4374 1161 4422 tuum
1176 4366 1204 4422 is
1218 4364 1383 4422 abscondito.

540 4528 547 4551 ¹
566 4522 625 4594 [An
641 4541 740 4580 seusus
754 4533 807 4589 est,
822 4525 895 4582 alter
908 4526 989 4583 alteri
1001 4527 1025 4601 ἓ]
1125 4534 1134 4557 ¹
1149 4529 1222 4585 Mat.
1235 4529 1272 4585 ri.
1285 4546 1314 4601 9.
1338 4527 1407 4584 Luc.
1416 4527 1463 4584 ri.
1477 4544 1504 4583 2.

742 4625 751 4655 ³
766 4620 840 4678 Mat.
856 4623 893 4679 vi.
909 4623 938 4680 6.
1102 4632 1113 4660 ⁴
1127 4624 1199 4682 Luc.
1215 4644 1244 4682 x.
1261 4625 1303 4682 18.
