3817 5692
711 697 1019 763 DlsPUTA'rro,
1370 700 1411 764 75

365 870 646 966 evangelizatum
685 895 832 966 regnum
868 871 1032 942 caelomm
1067 871 1182 941 solum
1216 869 1409 961 amplecti:

364 988 573 1080 semetipsos
602 988 698 1057 enim
727 988 918 1069 irriserunt,
951 985 1099 1056 ridicula
1128 994 1166 1056 et
1195 986 1330 1055 ludicra
1359 986 1411 1054 in·

364 1102 602 1184 troducentes,
621 1102 759 1195 exiguis
779 1102 990 1193 quibusdam
1008 1102 1123 1171 verbis
1139 1101 1176 1170 in
1193 1100 1273 1194 lege
1289 1102 1413 1171 adnm-

363 1217 482 1300 bratis,
499 1217 701 1311 ignorantes
725 1218 807 1308 quia
830 1215 932 1286 malis
958 1217 987 1286 si
1009 1217 1287 1286 admiscerentur
1309 1217 1411 1298 bona,

365 1331 539 1402 malorum
568 1333 793 1424 corruptione
821 1331 939 1413 etiam,
964 1354 1042 1423 quae
1067 1332 1160 1402 bona
1185 1339 1277 1413 sunt,
1296 1342 1414 1402 exter-

364 1448 554 1518 minantur.
608 1446 656 1516 Et
685 1448 714 1516 si
748 1446 890 1538 quidem
920 1454 976 1516 est
1004 1448 1202 1538 quisquam,
1220 1449 1280 1539 qui
1303 1450 1413 1541 possit

365 1564 561 1645 ostendere,
585 1562 702 1656 legem
728 1562 817 1632 recti
842 1570 1025 1631 tenentem
1052 1585 1141 1645 esse,
1165 1563 1272 1632 debet
1297 1572 1414 1634 custo-

365 1678 452 1761 diri;
478 1680 532 1749 sin
550 1687 671 1749 autem
689 1675 819 1747 malam
838 1677 1035 1759 ostendero,
1053 1678 1288 1748 interimenda
1305 1687 1359 1749 est
1376 1690 1414 1751 et

365 1794 571 1885 abjicienda,
592 1795 724 1886 quippe
752 1815 829 1884 quoe
855 1802 870 1850 t
876 1793 1000 1862 mortis
1027 1794 1276 1864 ¹ministerium
1302 1796 1414 1865 conti-

366 1918 429 1979 net
463 1909 703 1990 informatum,
735 1932 816 2000 quae
847 1908 966 1977 vultus
1001 1907 1120 2001 Moysi
1153 1909 1301 2003 gloriam
1331 1933 1414 1980 con-

366 2034 499 2117 tegens,
534 2023 722 2094 destruxit.
792 2021 878 2092 Non
913 2032 968 2093 est
1007 2024 1116 2116 igitur
1148 2026 1223 2095 sine
1256 2025 1411 2117 periculo

366 2140 531 2232 cuiquam
565 2147 720 2209 vestrum
761 2138 893 2231 pariter
926 2161 1009 2208 cum
1047 2139 1127 2233 lege
1161 2150 1199 2211 et
1232 2141 1414 2234 prophetis

368 2254 515 2326 Novum
533 2256 832 2337 'Testamentum
850 2261 1021 2345 tanquam
1038 2256 1142 2326 unius
1165 2258 1235 2326 sint
1252 2267 1412 2350 utraque,

368 2372 506 2453 docere,
524 2372 655 2464 quippe
671 2393 754 2441 cum
771 2379 919 2440 renovet
936 2372 981 2440 de
999 2372 1057 2441 die
1079 2372 1116 2441 in
1140 2373 1234 2442 diem
1253 2372 1413 2445 Salvato-

368 2487 414 2556 ris
431 2486 540 2558 nostri
554 2487 725 2557 eruditio:
749 2486 826 2557 'illa
839 2510 922 2557 vero
936 2498 1156 2558 veterascens
1173 2496 1211 2558 et
1228 2511 1413 2560 senescens

367 2624 476 2694 prope
497 2603 750 2673 exterminium
767 2602 840 2673 fiat.
892 2602 998 2685 Quod
1022 2602 1247 2672 manifestum
1272 2614 1326 2674 est
1349 2606 1413 2688 his,

368 2719 428 2809 qui
446 2718 692 2788 discretionem
717 2718 846 2789 habere
869 2726 1037 2809 possunt;
1064 2719 1146 2807 quia
1169 2720 1260 2788 sicut
1282 2720 1415 2791 arboris

368 2855 449 2903 cum
467 2835 648 2903 senuerint
671 2834 770 2916 rami,
788 2833 845 2903 vel
870 2840 1018 2901 truncus
1044 2832 1198 2901 fructum
1225 2834 1319 2904 ultra
1343 2852 1416 2905 non·

367 2948 479 3031 affert,
496 2949 558 3019 sed
584 2948 846 3031 abscinduntur,
870 2956 908 3019 et
932 2947 1094 3017 membra
1118 2971 1313 3040 corpomm,
1332 2973 1414 3020 cum

368 3072 533 3158 corrupta
554 3064 698 3148 firerint,
717 3071 966 3157 amputantur:
994 3063 1226 3156 corruptionis
1252 3065 1346 3135 enim
1365 3067 1416 3136 vi-

368 3203 426 3250 ms
443 3202 489 3250 ex
510 3178 678 3249 membris
700 3202 764 3272 per
786 3201 891 3248 omne
914 3200 1040 3269 corpus
1065 3178 1274 3264 infunditur,
1292 3191 1329 3251 et
1348 3183 1415 3251 nisi

368 3297 510 3368 artificis
535 3297 720 3390 diligentia
745 3296 940 3366 remedium
967 3296 1110 3365 morbus
1135 3299 1320 3389 acceperit
1339 3322 1414 3369 cor·

368 3435 433 3504 pus
459 3435 563 3482 omne
589 3412 755 3494 vitiatur3
785 3412 836 3481 ita
864 3433 948 3503 ergo
979 3419 1016 3480 et
1048 3411 1258 3503 recipientes
1287 3413 1414 3507 legem,

370 3525 435 3595 nisi
462 3523 698 3617 cognoveritis
727 3524 828 3615 cujus
853 3524 909 3605 sit,
934 3523 1068 3593 animas
1094 3548 1176 3594 cum
1202 3526 1316 3597 salute
1338 3551 1417 3620 per-

368 3640 468 3711 detis.
520 3636 619 3709 ’Lac
646 3638 748 3718 enim,
774 3647 805 3709 et
824 3634 1005 3732 prophetea²
1034 3661 1140 3732 usque
1168 3639 1216 3709 od
1242 3640 1415 3713 Jooooem

408 3875 425 3921 y
446 3863 504 3920 Hic
525 3882 598 3921 unus
621 3881 655 3919 ex
677 3862 732 3918 illis
753 3860 847 3918 Sacrae
870 3858 1023 3934 Scripturae
1043 3859 1115 3916 locis
1135 3878 1197 3916 esse
1210 3861 1331 3930 videtur,
1346 3885 1418 3940 quos

369 3960 481 4026 Manes,
494 3960 636 4018 Archelao
657 3967 730 4016 teste
751 3958 780 4014 iu
800 3976 861 4032 cap.
878 3975 927 4031 53.
949 3956 1034 4031 hujus
1055 3955 1264 4029 disputationis,
1279 3961 1314 4016 ad
1336 3981 1415 4019 suam

366 4058 537 4115 fulciendam
565 4057 696 4115 haeresim
721 4056 863 4130 corrupit:
893 4073 961 4110 nam
989 4052 1131 4110 diversum
1159 4072 1274 4111 sensum
1300 4076 1358 4131 prae
1387 4077 1417 4115 se

367 4156 462 4213 femnt
485 4155 564 4212 Pauli
587 4155 682 4219 verbo,
707 4153 743 4209 ad
767 4172 829 4228 qnae
854 4149 979 4224 respicit,
1004 4158 1063 4205 tam
1088 4149 1117 4205 in
1143 4150 1259 4226 vulgata
1283 4154 1416 4220 editione,

368 4270 452 4327 quam
466 4251 541 4326 apud
556 4250 729 4309 Archelaum
744 4259 872 4306 nostmm
886 4246 960 4305 infra
973 4265 1034 4322 cap.
1047 4262 1095 4318 43.

409 4358 423 4390 ¹
445 4348 493 4406 Ita
515 4349 620 4405 codicis
634 4347 798 4406 Casinensis
820 4346 972 4404 lectionem
993 4343 1175 4410 correximus,
1198 4346 1225 4402 in
1248 4365 1304 4420 quo
1328 4347 1415 4422 scrip.

368 4453 429 4502 tum
444 4453 498 4511 est,
513 4464 608 4502 nouum
622 4446 813 4511 testimonium,
829 4453 885 4501 tum
898 4451 1034 4518 tuaquom.

452 4621 459 4648 ¹
477 4632 494 4672 a
510 4613 577 4672 Cor.
594 4615 632 4671 iii.
649 4632 674 4689 7.
758 4623 766 4649 ⁸
785 4614 874 4689 [Heb.
890 4614 947 4670 viii.
965 4613 1025 4686 13.]
1108 4611 1200 4668 ’Luc
1217 4612 1272 4668 xvi.
1292 4613 1338 4673 16..

866 4727 917 4774 Η
