3817 5692
453 693 517 760 156
668 697 921 761 ARCHELAI
954 699 1018 763 ET
1052 699 1272 763 MANETIS

450 865 588 964 l'gloria
605 873 662 941 sit.
715 873 843 963 Neque
860 895 943 942 sero
961 874 1149 966 omnigene
1175 876 1211 943 iu
1238 873 1496 968 ignobilitatem

449 987 632 1078 redigitur,
660 989 754 1081 quod
782 989 1021 1058 ‘destruetur
1073 989 1165 1059 Cum
1193 991 1288 1060 enim
1316 990 1361 1060 de
1385 990 1498 1084 gloria

449 1105 606 1195 disputat
624 1103 816 1195 Scriptura,
834 1102 967 1174 dscisse
988 1127 1026 1174 se
1044 1104 1258 1175 differentias
1282 1106 1402 1199 gloriae
1427 1117 1497 1177 tes-

449 1229 554 1300 tatur,
582 1217 684 1290 ¹Alia
715 1219 816 1302 caira,
846 1221 971 1312 inquit,
999 1218 1133 1316 ‘picria
1163 1219 1255 1304 solis,
1286 1219 1356 1292 alia
1379 1221 1495 1318 gloria

447 1331 551 1418 lrarzae,
564 1333 637 1406 alia
649 1332 765 1432 ploria
781 1332 980 1415 stellarum
1005 1334 1102 1406 stella
1119 1337 1211 1406 caim
1228 1360 1250 1407 a
1267 1336 1362 1408 stella
1379 1337 1495 1434 dfiert

446 1449 485 1520 ia
497 1449 624 1547 gloria.
659 1451 698 1520 Si
716 1452 811 1521 enim
829 1450 881 1521 sol
898 1452 1067 1542 majorem
1087 1452 1195 1522 habet
1211 1452 1370 1545 gloriam,
1388 1477 1494 1546 quam

445 1565 539 1650 luna,
561 1590 632 1636 non
659 1569 827 1637 continuo
854 1569 890 1636 in
915 1566 1177 1660 ignobilitatem
1203 1567 1286 1639 luna
1313 1569 1492 1662 redigitur.

445 1681 504 1752 Ita
525 1691 562 1753 et
583 1685 611 1753 si
635 1681 810 1753 Dominus
837 1705 937 1752 meus
953 1680 1059 1753 Jesus
1075 1681 1237 1752 Christus
1262 1681 1430 1774 praecellit
1455 1684 1492 1752 in

442 1797 555 1891 gloria
589 1798 752 1891 Moysen,
787 1808 957 1889 tanquam
994 1797 1170 1868 Dominus
1203 1799 1387 1880 famulum,
1421 1820 1493 1868 non

443 1915 612 1984 continuo
638 1914 835 2006 respuenda
852 1922 907 1984 est
932 1913 1044 2007 gloria
1063 1913 1201 2007 Moysi;
1228 1914 1279 1983 ita
1295 1916 1391 1984 enim
1412 1936 1492 2005 pos-

442 2051 564 2102 sumus
591 2031 792 2101 satisfacere
818 2031 1047 2111 auditoribus,
1075 2031 1167 2100 sicut
1195 2039 1233 2099 et
1258 2029 1355 2099 serbi
1382 2030 1491 2121 ipsius

442 2143 587 2215 ‘natura
604 2147 801 2237 persuadet,
819 2169 865 2214 ex
890 2146 1092 2238 Scripturis,
1110 2169 1189 2238 quae
1215 2146 1376 2227 dicimus,
1398 2144 1491 2215 affir-

440 2273 589 2342 mantes,
620 2260 674 2331 vel
711 2271 808 2332 certe
844 2263 951 2330 etiam
987 2262 1159 2354 exemplis
1193 2283 1235 2332 ea
1269 2262 1489 2332 manifestius

439 2378 721 2470 comprobantes.
772 2377 811 2449 Si
835 2379 915 2470 quis
939 2378 1118 2448 lucernam
1145 2378 1346 2449 accenderit
1368 2387 1489 2459 noctu,

439 2513 521 2562 cum
539 2493 590 2562 sol
608 2493 840 2575 miminerit,
859 2515 967 2584 parvo
984 2493 1135 2563 lucemae
1153 2495 1236 2585 igne
1253 2515 1324 2561 non
1341 2492 1486 2584 indiget,

440 2618 584 2701 propter
608 2609 829 2702 splendorem
851 2609 934 2680 solis
960 2610 1091 2700 ubique
1115 2609 1302 2691 radiantis;
1329 2610 1389 2679 sed
1417 2631 1486 2677 non

436 2723 519 2794 ideo
544 2726 675 2817 abjecit
699 2726 890 2807 lucernam,
915 2724 1025 2794 veluti
1053 2727 1264 2794 contrariam
1289 2725 1376 2807 soli;
1401 2725 1486 2816 quin

437 2842 555 2932 potius
573 2851 755 2933 comperto
772 2843 847 2933 ejus
865 2843 1062 2922 nemetiam
1078 2840 1284 2934 diligentius
1300 2841 1485 2910 tservavit.

437 2957 640 3026 Custodivit
674 2980 758 3050 orgo
789 2956 960 3049 populum
993 2956 1052 3026 lex
1086 2955 1204 3049 llloysi
1233 2966 1402 3047 tanquam
1433 2955 1485 3023 lu-

475 3120 606 3180 bcodex
628 3123 747 3180 Bobien.
763 3132 792 3180 et
811 3124 857 3180 hic
876 3132 1038 3197 corruptum
1059 3123 1210 3179 lectionem
1231 3123 1356 3186 exhibet,
1373 3142 1484 3200 nempe,

432 3221 524 3294 gloria
532 3245 542 3286 ;
564 3240 647 3296 aeque
659 3240 732 3284 vero,
747 3220 818 3276 omni
829 3240 927 3295 genem
941 3222 968 3276 ia
982 3221 1129 3277 nobilitate.
1153 3221 1283 3277 Valesius
1295 3230 1371 3278 recte
1386 3239 1482 3277 emen-

435 3317 492 3383 dat,
507 3318 535 3373 ia
549 3317 753 3392 ignobilitatem.

473 3423 486 3455 ⁰
501 3413 573 3470 eod.
590 3414 749 3479 Bobiensis,
764 3415 924 3470 destruitur.

473 3506 488 3551 ‘¹
510 3511 590 3568 ldem
612 3512 712 3568 codex.
734 3513 790 3568 sris
811 3531 869 3567 esse
887 3511 1054 3586 differentias
1075 3511 1189 3586 plurim
1212 3510 1267 3565 alia
1289 3511 1358 3565 enim
1381 3509 1481 3584 gloria.

434 3605 514 3663 Mula
527 3607 621 3666 lectio.

472 3713 485 3745 θ
500 3703 634 3778 Vulgata,
651 3703 775 3761 lreuoeus
789 3704 838 3761 lib.
853 3705 873 3760 ii
900 3723 961 3778 cap.
974 3723 1022 3778 24.
1038 3713 1066 3760 et
1082 3703 1242 3779 Cyprianus
1256 3701 1304 3759 lib.
1320 3719 1347 3775 3.
1361 3700 1480 3758 Testim.

430 3801 467 3858 sd
481 3801 632 3870 Quirinum
653 3802 745 3876 capite
760 3801 810 3877 58.
831 3802 948 3869 habent,
965 3802 1089 3868 claritas,
1104 3819 1167 3875 pro,
1181 3801 1282 3876 gloria.
1327 3797 1386 3855 Sed
1399 3806 1480 3872 post·

428 3918 507 3957 rema
530 3919 587 3956 vox
611 3900 718 3974 placuit
740 3900 825 3956 etism
849 3900 1023 3957 Tertulliano
1046 3900 1080 3956 de
1105 3900 1204 3956 Resur.
1225 3896 1327 3953 Carnis
1350 3916 1412 3970 cup.
1430 3913 1479 3970 52.

431 3997 541 4068 (Addas
555 3995 609 4054 SS.
624 3997 764 4053 Hilarium
778 4006 807 4054 et
823 3998 1042 4072 Augustinum.)

469 4091 482 4134 f
494 4095 651 4158 Bobiensis,
666 4102 764 4150 natura
779 4096 952 4151 &monstrat
985 4093 1067 4158 Mox,
1082 4092 1212 4169 erernplis
1226 4089 1407 4165 manifestias.
1440 4088 1478 4144 Et

428 4191 509 4255 infra,
524 4193 568 4248 sol
579 4201 699 4249 exortas.

467 4299 484 4342 t
505 4288 540 4344 ln
554 4289 651 4345 codice
665 4289 809 4354 Bobiensi,
823 4287 951 4345 servabit.
993 4287 1071 4344 Mnle
1087 4286 1250 4344 Casinensis
1271 4286 1371 4348 codex,
1387 4283 1477 4338 obser-

425 4387 510 4441 vavit.
553 4385 591 4441 Et
612 4385 694 4450 infru,
709 4394 864 4460 cattepaam
879 4387 998 4442 lacerna.
1041 4385 1179 4441 Econtrs
1194 4386 1274 4459 pejor
1288 4384 1317 4438 in
1333 4379 1476 4456 sequeuti-

426 4481 480 4538 bus
497 4482 644 4538 bobiensis
658 4483 762 4538 codicis
777 4483 870 4548 lectio,
887 4483 934 4538 ubi
950 4483 991 4537 sic
1006 4501 1036 4539 se
1048 4482 1143 4544 habet.
1159 4481 1202 4537 sol
1222 4467 1298 4536 nobis
1318 4497 1397 4535 veras
1412 4475 1476 4532 Sal-

424 4586 504 4633 vator
525 4580 638 4644 orietur,
659 4579 729 4636 sicut
750 4580 800 4640 ait,
822 4587 847 4634 et
865 4579 999 4635 illuminat
1018 4579 1068 4634 tibi
1089 4578 1222 4634 Christus.
1259 4576 1316 4633 sea
1333 4577 1380 4650 qai
1399 4574 1477 4629 dicit.

427 4675 645 4740 (convenientia
660 4677 768 4734 caeteris
783 4677 876 4733 verbis
891 4686 987 4733 essent
1002 4677 1095 4748 abjicit
1112 4685 1140 4731 et
1156 4675 1299 4740 servabit.)

824 4775 829 4796 ¹
852 4793 860 4830 ι
881 4775 948 4830 Cor.
964 4793 1011 4830 xv.
1029 4791 1077 4843 4¹·
