3817 5692
801 721 1107 784 ARCHELAUS.
1434 716 1476 790 19

427 888 500 950 dem
521 887 705 952 sineeritate
725 889 941 953 tractavimus.
988 889 1134 974 Denique
1153 890 1225 954 hine
1240 892 1337 955 etiam
1354 891 1474 954 discere

426 1009 593 1072 possumus
619 1010 782 1075 quousque
811 988 947 1053 Romani
974 990 1097 1075 imperii
1123 991 1240 1056 limites
1268 992 1473 1069 Parthorum,

426 1111 482 1153 seu
506 1089 678 1154 Persarum
700 1091 852 1156 ditionem
878 1112 999 1168 versus,
1025 1099 1101 1155 tune
1127 1094 1279 1178 temporis
1304 1095 1474 1177 protende·

426 1199 546 1268 rentur,
569 1192 694 1275 aliaque
719 1190 870 1255 nonnulla
895 1191 936 1254 de
960 1192 1037 1255 loeis
1061 1193 1094 1255 in
1116 1195 1287 1258 eorundem
1310 1195 1474 1258 collimitio

426 1292 507 1368 sitis,
523 1293 625 1377 deque
640 1293 857 1357 Romanorum
872 1292 1006 1356 militum
1022 1315 1163 1371 numero,
1179 1296 1233 1379 qui
1253 1297 1339 1380 apud
1355 1298 1475 1360 Carras

426 1400 534 1458 eastra
556 1395 745 1469 servabaut;
781 1396 822 1458 de
846 1394 897 1458 his
922 1394 1007 1457 enim
1031 1396 1126 1459 rebus
1152 1397 1287 1481 sparsim
1312 1398 1420 1482 agitur
1442 1398 1475 1460 in

427 1496 536 1581 primis
550 1497 688 1582 quinque
703 1496 861 1582 capitibus
875 1496 970 1582 hujus
985 1497 1101 1580 operis,
1115 1519 1153 1560 ae
1168 1506 1324 1581 praeterea
1345 1500 1377 1562 in
1392 1500 1474 1584 ejus·

427 1598 500 1661 dem
528 1619 598 1682 cap.
619 1598 661 1661 lii.
686 1598 736 1661 liv.
762 1604 796 1661 et
820 1598 859 1660 lv.
919 1595 1018 1660 Plura
1048 1597 1164 1662 emditi
1194 1600 1279 1664 inter
1307 1602 1475 1685 legendum

427 1699 650 1776 observabunt,
667 1721 724 1762 nos
739 1699 823 1762 enim
837 1697 900 1761 alio
915 1718 1132 1782 properamus.

817 1924 1084 1963 -4-

428 2104 573 2176 [Deinceps
584 2104 642 2159 haee
655 2105 781 2175 praefatus
793 2114 833 2160 est
849 2106 1003 2160 Auernas
1017 2106 1237 2171 esuriamus,
1250 2106 1332 2178 hujus
1345 2108 1474 2178 Disputa-

461 2192 541 2245 tionis
556 2202 618 2261 poet
634 2191 796 2262 zacagnium
816 2192 966 2247 Fabricium
985 2194 1174 2264 Mansiumque
1189 2192 1283 2256 editor,
1301 2194 1329 2246 in
1350 2193 1474 2263 Prolego·

461 2278 545 2331 menis
557 2278 623 2331 tomi
635 2278 883 2333 tertiillibliotbecoe
895 2296 951 2333 suae
965 2279 1083 2341 Petrum,
1096 2296 1153 2348 cap.
1167 2279 1228 2332 xvii.
1243 2296 1270 2348 p.
1279 2280 1333 2332 xlv.

470 2413 519 2477 Ne
541 2414 663 2478 muneri
684 2423 795 2479 nostro
810 2417 918 2479 deesse
933 2416 1061 2479 omnino
1078 2416 1252 2493 videamur,
1269 2415 1307 2478 iis
1327 2435 1397 2498 quae
1413 2414 1474 2476 Za·

427 2515 557 2600 cagnius
574 2515 635 2579 hue
655 2538 754 2599 usque
775 2517 853 2581 satis
874 2516 1043 2599 diligenter
1064 2517 1242 2594 edissemit‚
1257 2517 1376 2579 addere
1398 2536 1474 2577 non-

408 2609 513 2680 'nulls
535 2624 750 2700 opportunum
774 2617 1004 2681 existimamus.
1050 2618 1095 2680 Et
1122 2617 1260 2701 primum
1282 2616 1409 2700 quidem
1431 2616 1474 2679 ad

427 2718 534 2781 sedem
556 2717 708 2781 Archelai
726 2718 936 2804 episcopalem
952 2719 1037 2803 quod
1059 2718 1190 2793 attinet,
1205 2717 1237 2779 in
1257 2716 1352 2779 aliam
1371 2739 1391 2778 a
1413 2718 1473 2779 Za-

427 2818 530 2904 oagnii
548 2819 708 2883 sententia
727 2841 798 2883 eum
822 2820 991 2905 [sequienio
1009 2821 1046 2882 V.
1061 2822 1098 2882 C.
1114 2819 1203 2882 abire
1218 2817 1295 2881 libet
1313 2818 1473 2900 (hequen.

428 2920 482 2983 Or.
500 2920 574 2985 Ohr.
590 2928 669 2985 tom.
681 2921 712 2984 ii.
730 2943 824 3006 pagg.
838 2941 931 2998 1002,
944 2929 978 2985 et
993 2924 1101 3004 11⁶3).
1131 2919 1364 2984 Gaseharomm
1379 2918 1473 2994 enim,

428 3042 490 3084 non
506 3021 710 3098 Oharrarum,
726 3023 864 3086 ecelesias
888 3023 1050 3107 praefuisse
1067 3020 1272 3097 Archelaum,
1289 3041 1352 3082 non
1373 3018 1475 3083 solum

428 3123 543 3187 docent
558 3128 646 3189 Aeta
660 3125 885 3210 disputationis
901 3149 997 3211 quam
1016 3134 1146 3191 sanetus
1163 3125 1215 3189 ille
1229 3124 1345 3210 praesul
1360 3124 1474 3189 habuit

427 3245 499 3288 eum
521 3225 654 3289 Manete
679 3226 816 3309 (Arelel.
840 3230 918 3291 Aet.
935 3250 1005 3311 eap.
1026 3230 1067 3308 1.)
1078 3252 1088 3304 ;
1115 3228 1170 3291 sed
1194 3234 1357 3291 testantur
1378 3226 1473 3289 etiam

427 3324 625 3411 Epiphanius
652 3327 782 3412 (uptph
809 3327 900 3392 Haer.
920 3328 992 3391 lxvi.
1021 3350 1104 3390 uum.
1126 3342 1158 3411 5.
1181 3334 1215 3390 et
1240 3328 1298 3408 7.),
1327 3328 1477 3390 Socrates

403 3423 407 3430 ’
429 3428 563 3510 (Soeat.
581 3426 668 3491 Hist.
685 3427 772 3491 Eeel.
789 3428 841 3491 lib.
854 3429 874 3492 i.
892 3451 959 3513 eap.
979 3433 1046 3511 22.)
1062 3435 1095 3492 et
1111 3427 1246 3491 Photius
1262 3427 1368 3511 (Phoe.
1384 3428 1475 3495 libi.

426 3529 496 3591 adv.
513 3528 692 3611 Manieb.):
713 3538 750 3594 ut
761 3535 932 3613 propterea
942 3530 1014 3612 jure
1029 3535 1145 3613 arguat
1160 3528 1360 3592 doctissimus
1377 3532 1475 3592 Asse.

427 3652 540 3694 manus
569 3634 742 3711 (Animae.
770 3631 852 3694 Bibl.
880 3631 1002 3695 Orient.
1026 3640 1103 3693 tom.
1119 3630 1140 3694 i.
1165 3653 1236 3715 pag.
1255 3635 1347 3715 555.)
1372 3638 1472 3694 statu-

427 3731 554 3806 endum,
570 3730 603 3792 in
618 3731 710 3795 unico
726 3732 883 3795 Actorum
897 3731 967 3794 loeo
980 3730 1115 3810 (Arcbel.
1133 3733 1208 3794 Aet.
1223 3752 1291 3814 eap.
1305 3730 1363 3809 iii.)
1380 3730 1474 3793 libra·

426 3829 545 3893 riorum
566 3832 671 3915 potius
692 3854 798 3896 errore
817 3832 971 3894 chorram
988 3831 1140 3916 seriptum
1161 3830 1267 3907 fuisse,
1284 3852 1379 3914 quam
1394 3831 1474 3894 exis-

427 3931 603 3995 timandum
619 3933 803 3997 mendosam
818 3955 886 3997 esse
907 3933 1072 3997 lectionem
1091 3932 1225 3995 Ooeelmr
1244 3932 1336 3996 initio
1350 3954 1472 3995 eorum-

426 4033 499 4096 dem
511 4033 679 4110 Aetorum,
689 4040 722 4097 et
736 4034 822 4120 apud
838 4035 932 4097 modo
946 4033 1094 4098 laudatos
1109 4040 1300 4117 praestantes
1315 4041 1474 4108 auctores,

428 4132 651 4219 Epiphanium,
681 4137 846 4199 Socratem
870 4143 904 4198 et
936 4136 1098 4198 Photium.
1144 4135 1256 4217 Atque
1285 4134 1352 4196 haee
1382 4133 1476 4217 plane

427 4234 552 4298 diversa
577 4243 627 4299 est
652 4258 673 4299 a
698 4235 828 4301 Oharris
854 4236 918 4299 sive
948 4238 1076 4311 Harae,
1100 4234 1268 4320 provinciae
1298 4235 1476 4298 Osrhoenes

427 4335 556 4400 civitate
571 4335 674 4401 altera
689 4337 775 4400 haud
793 4337 902 4419 proeul
922 4337 965 4399 ab
981 4337 1148 4420 Euphrate
1163 4336 1286 4419 posita:
1310 4356 1368 4398 nec
1384 4335 1484 4419 longe-

427 4436 519 4499 abest
536 4437 697 4521 Babylone
711 4446 744 4501 et
757 4437 908 4515 Seleucia,
922 4459 985 4501 non
997 4437 1162 4500 Amidensi
1179 4436 1387 4521 metropolitae
1404 4436 1475 4498 sub-

424 4537 521 4619 jecta,
537 4538 593 4601 sed
608 4538 751 4623 proxime
767 4538 957 4602 Seleueieusi
971 4538 1137 4615 catholieo,
1150 4545 1187 4601 ut
1203 4542 1383 4601 constater
1401 4556 1476 4619 pon·

427 4637 536 4703 tificali
548 4639 769 4705 Obeldaeomm
780 4641 866 4724 apud
880 4639 1043 4707 Morinum
1054 4638 1188 4720 (Momm
1200 4639 1240 4702 de
1252 4639 1340 4701 Saer.
1351 4635 1477 4718 Ordia.)

922 4758 978 4803 n2
