<?xml version="1.0" encoding="UTF-8"?>
<!DOCTYPE html PUBLIC "-//W3C//DTD XHTML 1.0 Transitional//EN"
    "http://www.w3.org/TR/xhtml1/DTD/xhtml1-transitional.dtd">
<html xmlns="http://www.w3.org/1999/xhtml" xml:lang="en" lang="en">
 <head>
  <title>
</title>
<meta http-equiv="Content-Type" content="text/html;charset=utf-8" />
  <meta name='ocr-system' content='tesseract 3.04.00' />
  <meta name='ocr-capabilities' content='ocr_page ocr_carea ocr_par ocr_line ocrx_word'/>
</head>
<body>
  <div class='ocr_page' id='page_1' title='image "./reliquiaesacrae02routgoog_0246.png"; bbox 0 0 3817 5692; ppageno 0'>
   <div class='ocr_carea' id='block_1_1' title="bbox 426 684 1117 751">
    <p class='ocr_par' dir='ltr' id='par_1_1' title="bbox 426 684 1117 751">
     <span class='ocr_line' id='line_1_1' title="bbox 426 684 1117 751; baseline -0.006 0"><span class='ocrx_word' id='word_1_1' title='bbox 426 691 491 751; x_wconf 69' lang='lat'>282</span> <span class='ocrx_word' id='word_1_2' title='bbox 795 689 826 748; x_wconf 92' lang='lat' dir='ltr'>S.</span> <span class='ocrx_word' id='word_1_3' title='bbox 845 684 1117 749; x_wconf 86' lang='lat' dir='ltr'>AUGUSTINI</span> 
     </span>
    </p>
   </div>
   <div class='ocr_carea' id='block_1_2' title="bbox 425 850 1486 1522">
    <p class='ocr_par' dir='ltr' id='par_1_2' title="bbox 425 850 1484 1068">
     <span class='ocr_line' id='line_1_2' title="bbox 425 850 1484 950; baseline -0.008 -21"><span class='ocrx_word' id='word_1_4' title='bbox 425 858 588 950; x_wconf 60' lang='grc' dir='ltr'>(κείρων,</span> <span class='ocrx_word' id='word_1_5' title='bbox 616 881 682 950; x_wconf 80' lang='lat' dir='ltr'>quo</span> <span class='ocrx_word' id='word_1_6' title='bbox 712 857 867 950; x_wconf 76' lang='lat' dir='ltr'>quisquis</span> <span class='ocrx_word' id='word_1_7' title='bbox 898 877 966 924; x_wconf 81' lang='lat' dir='ltr'>non</span> <span class='ocrx_word' id='word_1_8' title='bbox 986 851 1104 948; x_wconf 81' lang='lat' dir='ltr'>suerit</span> <span class='ocrx_word' id='word_1_9' title='bbox 1134 850 1325 946; x_wconf 72' lang='lat' dir='ltr'>baptizatas</span> <span class='ocrx_word' id='word_1_10' title='bbox 1349 864 1484 948; x_wconf 69' lang='lat' dir='ltr'>creparo</span> 
     </span>
     <span class='ocr_line' id='line_1_3' title="bbox 426 971 821 1068; baseline -0.01 -24"><span class='ocrx_word' id='word_1_11' title='bbox 426 973 586 1044; x_wconf 70' lang='lat' dir='ltr'>caelorum</span> <span class='ocrx_word' id='word_1_12' title='bbox 594 974 660 1068; x_wconf 78' lang='lat' dir='ltr'>fiel</span> <span class='ocrx_word' id='word_1_13' title='bbox 677 971 821 1041; x_wconf 77' lang='lat' dir='ltr'>alicnus.</span> 
     </span>
    </p>

    <p class='ocr_par' dir='ltr' id='par_1_3' title="bbox 426 1080 1486 1522">
     <span class='ocr_line' id='line_1_4' title="bbox 476 1080 1484 1177; baseline -0.008 -22"><span class='ocrx_word' id='word_1_14' title='bbox 476 1085 573 1156; x_wconf 83' lang='lat' dir='ltr'><strong>Huic</strong></span> <span class='ocrx_word' id='word_1_15' title='bbox 592 1085 834 1177; x_wconf 86' lang='lat' dir='ltr'>respondetur,</span> <span class='ocrx_word' id='word_1_16' title='bbox 852 1085 935 1174; x_wconf 88' lang='lat' dir='ltr'>quia</span> <span class='ocrx_word' id='word_1_17' title='bbox 960 1085 988 1153; x_wconf 91' lang='lat' dir='ltr'>si</span> <span class='ocrx_word' id='word_1_18' title='bbox 1014 1106 1085 1151; x_wconf 91' lang='lat' dir='ltr'>nou</span> <span class='ocrx_word' id='word_1_19' title='bbox 1108 1080 1347 1151; x_wconf 88' lang='lat' dir='ltr'>sanctificatur</span> <span class='ocrx_word' id='word_1_20' title='bbox 1372 1101 1484 1169; x_wconf 85' lang='lat' dir='ltr'>aqua,</span> 
     </span>
     <span class='ocr_line' id='line_1_5' title="bbox 426 1196 1486 1291; baseline -0.007 -22"><span class='ocrx_word' id='word_1_21' title='bbox 426 1223 507 1269; x_wconf 91' lang='lat' dir='ltr'>cum</span> <span class='ocrx_word' id='word_1_22' title='bbox 538 1199 656 1291; x_wconf 89' lang='lat' dir='ltr'>aliqua</span> <span class='ocrx_word' id='word_1_23' title='bbox 689 1200 815 1268; x_wconf 92' lang='lat' dir='ltr'>erroris</span> <span class='ocrx_word' id='word_1_24' title='bbox 845 1199 953 1268; x_wconf 90' lang='lat' dir='ltr'>verba</span> <span class='ocrx_word' id='word_1_25' title='bbox 982 1220 1046 1289; x_wconf 90' lang='lat' dir='ltr'>per</span> <span class='ocrx_word' id='word_1_26' title='bbox 1075 1196 1289 1288; x_wconf 85' lang='lat' dir='ltr'>imperitiam</span> <span class='ocrx_word' id='word_1_27' title='bbox 1316 1204 1486 1285; x_wconf 78' lang='lat' dir='ltr'>precator</span> 
     </span>
     <span class='ocr_line' id='line_1_6' title="bbox 426 1307 1485 1396; baseline -0.007 -13"><span class='ocrx_word' id='word_1_28' title='bbox 426 1314 587 1396; x_wconf 84' lang='lat' dir='ltr'>effundit,</span> <span class='ocrx_word' id='word_1_29' title='bbox 605 1313 710 1383; x_wconf 89' lang='lat' dir='ltr'>multi</span> <span class='ocrx_word' id='word_1_30' title='bbox 736 1336 807 1383; x_wconf 92' lang='lat' dir='ltr'>non</span> <span class='ocrx_word' id='word_1_31' title='bbox 833 1312 948 1383; x_wconf 92' lang='lat' dir='ltr'>solum</span> <span class='ocrx_word' id='word_1_32' title='bbox 975 1311 1072 1392; x_wconf 92' lang='lat' dir='ltr'>mali,</span> <span class='ocrx_word' id='word_1_33' title='bbox 1089 1312 1150 1381; x_wconf 93' lang='lat' dir='ltr'>sed</span> <span class='ocrx_word' id='word_1_34' title='bbox 1175 1312 1283 1380; x_wconf 86' lang='lat' dir='ltr'>etiam</span> <span class='ocrx_word' id='word_1_35' title='bbox 1307 1308 1390 1377; x_wconf 92' lang='lat' dir='ltr'>boni</span> <span class='ocrx_word' id='word_1_36' title='bbox 1410 1307 1485 1377; x_wconf 86' lang='lat' dir='ltr'>fra-</span> 
     </span>
     <span class='ocr_line' id='line_1_7' title="bbox 427 1421 1483 1522; baseline -0.009 -22"><span class='ocrx_word' id='word_1_37' title='bbox 427 1442 499 1500; x_wconf 87' lang='lat' dir='ltr'>tres</span> <span class='ocrx_word' id='word_1_38' title='bbox 516 1433 552 1500; x_wconf 94' lang='lat' dir='ltr'>iu</span> <span class='ocrx_word' id='word_1_39' title='bbox 571 1432 646 1522; x_wconf 89' lang='lat' dir='ltr'>ipsa</span> <span class='ocrx_word' id='word_1_40' title='bbox 671 1429 820 1500; x_wconf 86' lang='lat' dir='ltr'>ecclesia</span> <span class='ocrx_word' id='word_1_41' title='bbox 842 1451 913 1496; x_wconf 93' lang='lat' dir='ltr'>non</span> <span class='ocrx_word' id='word_1_42' title='bbox 937 1428 1159 1497; x_wconf 84' lang='lat' dir='ltr'>sanctificant</span> <span class='ocrx_word' id='word_1_43' title='bbox 1181 1446 1321 1516; x_wconf 88' lang='lat' dir='ltr'>aquam.</span> <span class='ocrx_word' id='word_1_44' title='bbox 1374 1421 1483 1492; x_wconf 87' lang='lat' dir='ltr'>Mul-</span> 
     </span>
    </p>
   </div>
   <div class='ocr_carea' id='block_1_3' title="bbox 318 1539 1485 1636">
    <p class='ocr_par' dir='ltr' id='par_1_4' title="bbox 318 1539 1485 1636">
     <span class='ocr_line' id='line_1_8' title="bbox 318 1539 1485 1636; baseline -0.006 -22"><span class='ocrx_word' id='word_1_45' title='bbox 318 1606 323 1614; x_wconf 81' lang='lat'>.</span> <span class='ocrx_word' id='word_1_46' title='bbox 427 1555 544 1614; x_wconf 89' lang='lat' dir='ltr'>torum</span> <span class='ocrx_word' id='word_1_47' title='bbox 563 1547 658 1614; x_wconf 89' lang='lat' dir='ltr'>enim</span> <span class='ocrx_word' id='word_1_48' title='bbox 682 1567 803 1636; x_wconf 82' lang='lat' dir='ltr'><strong>preces</strong></span> <span class='ocrx_word' id='word_1_49' title='bbox 820 1542 1055 1612; x_wconf 87' lang='lat' dir='ltr'>emendantur</span> <span class='ocrx_word' id='word_1_50' title='bbox 1078 1542 1249 1633; x_wconf 83' lang='lat' dir='ltr'>quotidie,</span> <span class='ocrx_word' id='word_1_51' title='bbox 1267 1542 1296 1609; x_wconf 87' lang='lat' dir='ltr'>si</span> <span class='ocrx_word' id='word_1_52' title='bbox 1313 1539 1485 1610; x_wconf 90' lang='lat' dir='ltr'>doctiori·</span> 
     </span>
    </p>
   </div>
   <div class='ocr_carea' id='block_1_4' title="bbox 427 1656 1484 4157">
    <p class='ocr_par' dir='ltr' id='par_1_5' title="bbox 427 1656 1484 4157">
     <span class='ocr_line' id='line_1_9' title="bbox 428 1656 1484 1748; baseline -0.007 -18"><span class='ocrx_word' id='word_1_53' title='bbox 428 1661 493 1730; x_wconf 92' lang='lat' dir='ltr'>bus</span> <span class='ocrx_word' id='word_1_54' title='bbox 502 1662 634 1730; x_wconf 89' lang='lat' dir='ltr'>fuerint</span> <span class='ocrx_word' id='word_1_55' title='bbox 648 1662 816 1742; x_wconf 80' lang='lat' dir='ltr'>recitatae,</span> <span class='ocrx_word' id='word_1_56' title='bbox 828 1668 865 1727; x_wconf 95' lang='lat' dir='ltr'>et</span> <span class='ocrx_word' id='word_1_57' title='bbox 876 1657 990 1727; x_wconf 90' lang='lat' dir='ltr'>multa</span> <span class='ocrx_word' id='word_1_58' title='bbox 1003 1659 1039 1727; x_wconf 91' lang='lat' dir='ltr'>iu</span> <span class='ocrx_word' id='word_1_59' title='bbox 1053 1658 1104 1727; x_wconf 91' lang='lat' dir='ltr'>eis</span> <span class='ocrx_word' id='word_1_60' title='bbox 1117 1656 1339 1748; x_wconf 88' lang='lat' dir='ltr'>reperiuntur</span> <span class='ocrx_word' id='word_1_61' title='bbox 1355 1666 1484 1724; x_wconf 81' lang='lat' dir='ltr'>contra</span> 
     </span>
     <span class='ocr_line' id='line_1_10' title="bbox 428 1769 1483 1866; baseline -0.006 -19"><span class='ocrx_word' id='word_1_62' title='bbox 428 1777 638 1847; x_wconf 83' lang='lat' dir='ltr'>catholicam</span> <span class='ocrx_word' id='word_1_63' title='bbox 658 1777 774 1847; x_wconf 88' lang='lat' dir='ltr'>fidem.</span> <span class='ocrx_word' id='word_1_64' title='bbox 810 1775 994 1866; x_wconf 92' lang='lat' dir='ltr'>Numquid</span> <span class='ocrx_word' id='word_1_65' title='bbox 1013 1776 1041 1843; x_wconf 92' lang='lat' dir='ltr'>si</span> <span class='ocrx_word' id='word_1_66' title='bbox 1059 1769 1326 1844; x_wconf 81' lang='lat' dir='ltr'>dmanifestetur</span> <span class='ocrx_word' id='word_1_67' title='bbox 1341 1772 1483 1865; x_wconf 92' lang='lat' dir='ltr'>aliquos</span> 
     </span>
     <span class='ocr_line' id='line_1_11' title="bbox 428 1887 1483 1982; baseline -0.006 -21"><span class='ocrx_word' id='word_1_68' title='bbox 428 1891 635 1982; x_wconf 86' lang='lat' dir='ltr'>baptizatos,</span> <span class='ocrx_word' id='word_1_69' title='bbox 654 1914 735 1961; x_wconf 87' lang='lat' dir='ltr'>cum</span> <span class='ocrx_word' id='word_1_70' title='bbox 762 1890 831 1959; x_wconf 87' lang='lat' dir='ltr'>illae</span> <span class='ocrx_word' id='word_1_71' title='bbox 856 1912 977 1980; x_wconf 90' lang='lat' dir='ltr'>preces</span> <span class='ocrx_word' id='word_1_72' title='bbox 1001 1888 1104 1958; x_wconf 80' lang='lat' dir='ltr'>dietae</span> <span class='ocrx_word' id='word_1_73' title='bbox 1128 1910 1373 1981; x_wconf 89' lang='lat' dir='ltr'>superaquam</span> <span class='ocrx_word' id='word_1_74' title='bbox 1393 1887 1483 1956; x_wconf 83' lang='lat' dir='ltr'>fuis·</span> 
     </span>
     <span class='ocr_line' id='line_1_12' title="bbox 428 2001 1484 2097; baseline -0.001 -23"><span class='ocrx_word' id='word_1_75' title='bbox 428 2014 517 2087; x_wconf 90' lang='lat' dir='ltr'>seut,</span> <span class='ocrx_word' id='word_1_76' title='bbox 537 2005 762 2097; x_wconf 92' lang='lat' dir='ltr'>jubebuntur</span> <span class='ocrx_word' id='word_1_77' title='bbox 787 2005 904 2074; x_wconf 89' lang='lat' dir='ltr'>denuo</span> <span class='ocrx_word' id='word_1_78' title='bbox 930 2003 1124 2095; x_wconf 74' lang='lat' dir='ltr'>baptizari?</span> <span class='ocrx_word' id='word_1_79' title='bbox 1161 2003 1256 2086; x_wconf 85' lang='lat' dir='ltr'>Quid</span> <span class='ocrx_word' id='word_1_80' title='bbox 1274 2002 1348 2073; x_wconf 76' lang='lat' dir='ltr'>ital</span> <span class='ocrx_word' id='word_1_81' title='bbox 1383 2001 1484 2085; x_wconf 87' lang='lat' dir='ltr'>Quia</span> 
     </span>
     <span class='ocr_line' id='line_1_13' title="bbox 429 2116 1481 2212; baseline -0.004 -23"><span class='ocrx_word' id='word_1_82' title='bbox 429 2120 636 2212; x_wconf 89' lang='lat' dir='ltr'>plemmque</span> <span class='ocrx_word' id='word_1_83' title='bbox 660 2120 771 2210; x_wconf 89' lang='lat' dir='ltr'>precis</span> <span class='ocrx_word' id='word_1_84' title='bbox 790 2120 913 2188; x_wconf 90' lang='lat' dir='ltr'>vitium</span> <span class='ocrx_word' id='word_1_85' title='bbox 942 2127 1084 2211; x_wconf 91' lang='lat' dir='ltr'>superat</span> <span class='ocrx_word' id='word_1_86' title='bbox 1110 2119 1285 2210; x_wconf 89' lang='lat' dir='ltr'>precantis</span> <span class='ocrx_word' id='word_1_87' title='bbox 1309 2116 1481 2187; x_wconf 84' lang='lat' dir='ltr'>affectus:</span> 
     </span>
     <span class='ocr_line' id='line_1_14' title="bbox 428 2233 1482 2327; baseline 0.001 -25"><span class='ocrx_word' id='word_1_88' title='bbox 428 2245 466 2303; x_wconf 89' lang='lat' dir='ltr'>et</span> <span class='ocrx_word' id='word_1_89' title='bbox 489 2236 571 2326; x_wconf 90' lang='lat' dir='ltr'>quia</span> <span class='ocrx_word' id='word_1_90' title='bbox 594 2244 691 2303; x_wconf 88' lang='lat' dir='ltr'>certa</span> <span class='ocrx_word' id='word_1_91' title='bbox 711 2233 772 2303; x_wconf 91' lang='lat' dir='ltr'>illa</span> <span class='ocrx_word' id='word_1_92' title='bbox 789 2233 1004 2327; x_wconf 84' lang='lat' dir='ltr'>Evangelica</span> <span class='ocrx_word' id='word_1_93' title='bbox 1022 2235 1137 2315; x_wconf 90' lang='lat' dir='ltr'>verba,</span> <span class='ocrx_word' id='word_1_94' title='bbox 1155 2234 1231 2303; x_wconf 90' lang='lat' dir='ltr'>sine</span> <span class='ocrx_word' id='word_1_95' title='bbox 1254 2234 1382 2324; x_wconf 86' lang='lat' dir='ltr'>quibus</span> <span class='ocrx_word' id='word_1_96' title='bbox 1406 2256 1482 2303; x_wconf 90' lang='lat' dir='ltr'>non</span> 
     </span>
     <span class='ocr_line' id='line_1_15' title="bbox 427 2346 1483 2441; baseline -0.001 -25"><span class='ocrx_word' id='word_1_97' title='bbox 427 2357 546 2439; x_wconf 88' lang='lat' dir='ltr'>potest</span> <span class='ocrx_word' id='word_1_98' title='bbox 574 2349 768 2441; x_wconf 77' lang='lat' dir='ltr'>baptismus</span> <span class='ocrx_word' id='word_1_99' title='bbox 796 2350 1000 2430; x_wconf 90' lang='lat' dir='ltr'>consecrari,</span> <span class='ocrx_word' id='word_1_100' title='bbox 1024 2359 1164 2417; x_wconf 90' lang='lat' dir='ltr'>tantum</span> <span class='ocrx_word' id='word_1_101' title='bbox 1193 2346 1321 2429; x_wconf 89' lang='lat' dir='ltr'>valent,</span> <span class='ocrx_word' id='word_1_102' title='bbox 1348 2358 1390 2416; x_wconf 90' lang='lat' dir='ltr'>ut</span> <span class='ocrx_word' id='word_1_103' title='bbox 1416 2370 1483 2439; x_wconf 91' lang='lat' dir='ltr'>per</span> 
     </span>
     <span class='ocr_line' id='line_1_16' title="bbox 427 2463 1482 2555; baseline 0 -23"><span class='ocrx_word' id='word_1_104' title='bbox 427 2463 488 2533; x_wconf 87' lang='lat' dir='ltr'>illa</span> <span class='ocrx_word' id='word_1_105' title='bbox 509 2466 558 2533; x_wconf 89' lang='lat' dir='ltr'>sic</span> <span class='ocrx_word' id='word_1_106' title='bbox 575 2473 793 2534; x_wconf 86' lang='lat' dir='ltr'>evacuentur</span> <span class='ocrx_word' id='word_1_107' title='bbox 815 2487 1046 2554; x_wconf 73' lang='lat' dir='ltr'>quacumque</span> <span class='ocrx_word' id='word_1_108' title='bbox 1070 2465 1105 2532; x_wconf 91' lang='lat' dir='ltr'>iu</span> <span class='ocrx_word' id='word_1_109' title='bbox 1131 2486 1236 2555; x_wconf 88' lang='lat' dir='ltr'>prece</span> <span class='ocrx_word' id='word_1_110' title='bbox 1254 2464 1378 2533; x_wconf 87' lang='lat' dir='ltr'>vitiosa</span> <span class='ocrx_word' id='word_1_111' title='bbox 1394 2486 1482 2532; x_wconf 89' lang='lat' dir='ltr'>con·</span> 
     </span>
     <span class='ocr_line' id='line_1_17' title="bbox 430 2578 1482 2672; baseline 0 -25"><span class='ocrx_word' id='word_1_112' title='bbox 430 2589 484 2648; x_wconf 88' lang='lat' dir='ltr'>tra</span> <span class='ocrx_word' id='word_1_113' title='bbox 513 2578 670 2672; x_wconf 84' lang='lat' dir='ltr'>regulam</span> <span class='ocrx_word' id='word_1_114' title='bbox 702 2579 785 2649; x_wconf 87' lang='lat' dir='ltr'>fidei</span> <span class='ocrx_word' id='word_1_115' title='bbox 818 2580 993 2659; x_wconf 89' lang='lat' dir='ltr'>dicuntur,</span> <span class='ocrx_word' id='word_1_116' title='bbox 1020 2579 1318 2669; x_wconf 84' lang='lat' dir='ltr'>quemadmodum</span> <span class='ocrx_word' id='word_1_117' title='bbox 1351 2579 1482 2648; x_wconf 87' lang='lat' dir='ltr'>daemo-</span> 
     </span>
     <span class='ocr_line' id='line_1_18' title="bbox 430 2692 1483 2785; baseline 0 -23"><span class='ocrx_word' id='word_1_118' title='bbox 430 2695 529 2762; x_wconf 91' lang='lat' dir='ltr'>nium</span> <span class='ocrx_word' id='word_1_119' title='bbox 547 2694 678 2763; x_wconf 86' lang='lat' dir='ltr'>Christi</span> <span class='ocrx_word' id='word_1_120' title='bbox 697 2696 840 2763; x_wconf 92' lang='lat' dir='ltr'>nomine</span> <span class='ocrx_word' id='word_1_121' title='bbox 860 2692 1073 2763; x_wconf 85' lang='lat' dir='ltr'>excluditur.</span> <span class='ocrx_word' id='word_1_122' title='bbox 1113 2692 1207 2763; x_wconf 90' lang='lat' dir='ltr'>Nam</span> <span class='ocrx_word' id='word_1_123' title='bbox 1225 2694 1349 2785; x_wconf 87' lang='lat' dir='ltr'>utiquc</span> <span class='ocrx_word' id='word_1_124' title='bbox 1367 2692 1483 2764; x_wconf 87' lang='lat' dir='ltr'>haere-</span> 
     </span>
     <span class='ocr_line' id='line_1_19' title="bbox 431 2806 1482 2900; baseline 0.001 -23"><span class='ocrx_word' id='word_1_125' title='bbox 431 2809 523 2879; x_wconf 91' lang='lat' dir='ltr'>ticus</span> <span class='ocrx_word' id='word_1_126' title='bbox 548 2811 575 2878; x_wconf 85' lang='lat' dir='ltr'>si</span> <span class='ocrx_word' id='word_1_127' title='bbox 602 2808 724 2878; x_wconf 82' lang='lat' dir='ltr'>afferat</span> <span class='ocrx_word' id='word_1_128' title='bbox 751 2831 890 2900; x_wconf 89' lang='lat' dir='ltr'>precem</span> <span class='ocrx_word' id='word_1_129' title='bbox 915 2808 1089 2891; x_wconf 85' lang='lat' dir='ltr'>vitiosam,</span> <span class='ocrx_word' id='word_1_130' title='bbox 1109 2812 1188 2877; x_wconf 91' lang='lat' dir='ltr'>nec&#39;</span> <span class='ocrx_word' id='word_1_131' title='bbox 1201 2808 1333 2877; x_wconf 89' lang='lat' dir='ltr'>bonum</span> <span class='ocrx_word' id='word_1_132' title='bbox 1350 2806 1482 2878; x_wconf 72' lang='lat' dir='ltr'>ehabet</span> 
     </span>
     <span class='ocr_line' id='line_1_20' title="bbox 431 2922 1482 3014; baseline 0 -21"><span class='ocrx_word' id='word_1_133' title='bbox 431 2924 587 2993; x_wconf 85' lang='lat' dir='ltr'>caritatis</span> <span class='ocrx_word' id='word_1_134' title='bbox 603 2922 780 3003; x_wconf 85' lang='lat' dir='ltr'>affectum,</span> <span class='ocrx_word' id='word_1_135' title='bbox 799 2946 869 3012; x_wconf 91' lang='lat' dir='ltr'>quo</span> <span class='ocrx_word' id='word_1_136' title='bbox 891 2923 1001 3014; x_wconf 89' lang='lat' dir='ltr'>possit</span> <span class='ocrx_word' id='word_1_137' title='bbox 1018 2922 1078 2992; x_wconf 94' lang='lat' dir='ltr'>illa</span> <span class='ocrx_word' id='word_1_138' title='bbox 1101 2924 1278 3013; x_wconf 90' lang='lat' dir='ltr'>imperitia</span> <span class='ocrx_word' id='word_1_139' title='bbox 1302 2926 1482 3013; x_wconf 91' lang='lat' dir='ltr'>superari;</span> 
     </span>
     <span class='ocr_line' id='line_1_21' title="bbox 432 3037 1483 3130; baseline 0.001 -22"><span class='ocrx_word' id='word_1_140' title='bbox 432 3049 469 3108; x_wconf 91' lang='lat' dir='ltr'>et</span> <span class='ocrx_word' id='word_1_141' title='bbox 496 3039 576 3107; x_wconf 91' lang='lat' dir='ltr'>ideo</span> <span class='ocrx_word' id='word_1_142' title='bbox 604 3037 726 3107; x_wconf 91' lang='lat' dir='ltr'>similis</span> <span class='ocrx_word' id='word_1_143' title='bbox 753 3048 808 3107; x_wconf 90' lang='lat' dir='ltr'>est</span> <span class='ocrx_word' id='word_1_144' title='bbox 836 3038 867 3106; x_wconf 86' lang='lat' dir='ltr'>ei</span> <span class='ocrx_word' id='word_1_145' title='bbox 897 3038 1112 3128; x_wconf 88' lang='lat' dir='ltr'>quicumque</span> <span class='ocrx_word' id='word_1_146' title='bbox 1138 3039 1173 3107; x_wconf 93' lang='lat' dir='ltr'>in</span> <span class='ocrx_word' id='word_1_147' title='bbox 1200 3041 1275 3130; x_wconf 85' lang='lat' dir='ltr'>ipsa</span> <span class='ocrx_word' id='word_1_148' title='bbox 1295 3037 1483 3109; x_wconf 87' lang='lat' dir='ltr'>Catholica</span> 
     </span>
     <span class='ocr_line' id='line_1_22' title="bbox 431 3150 1481 3245; baseline 0.003 -24"><span class='ocrx_word' id='word_1_149' title='bbox 431 3154 570 3223; x_wconf 90' lang='lat' dir='ltr'>invidus</span> <span class='ocrx_word' id='word_1_150' title='bbox 595 3164 633 3222; x_wconf 86' lang='lat' dir='ltr'>et</span> <span class='ocrx_word' id='word_1_151' title='bbox 659 3152 861 3234; x_wconf 84' lang='lat' dir='ltr'>malevolus,</span> <span class='ocrx_word' id='word_1_152' title='bbox 881 3151 1002 3242; x_wconf 90' lang='lat' dir='ltr'>quales</span> <span class='ocrx_word' id='word_1_153' title='bbox 1028 3151 1100 3221; x_wconf 90' lang='lat' dir='ltr'>illic</span> <span class='ocrx_word' id='word_1_154' title='bbox 1126 3154 1242 3242; x_wconf 80' lang='lat' dir='ltr'>arguit</span> <span class='ocrx_word' id='word_1_155' title='bbox 1262 3150 1481 3245; x_wconf 83' lang='lat' dir='ltr'>Cyprianus:</span> 
     </span>
     <span class='ocr_line' id='line_1_23' title="bbox 431 3266 1484 3359; baseline 0.001 -22"><span class='ocrx_word' id='word_1_156' title='bbox 431 3266 554 3337; x_wconf 83' lang='lat' dir='ltr'>afferat</span> <span class='ocrx_word' id='word_1_157' title='bbox 573 3268 692 3349; x_wconf 89' lang='lat' dir='ltr'>etiam,</span> <span class='ocrx_word' id='word_1_158' title='bbox 710 3276 752 3335; x_wconf 93' lang='lat' dir='ltr'>ut</span> <span class='ocrx_word' id='word_1_159' title='bbox 775 3267 850 3336; x_wconf 88' lang='lat' dir='ltr'>fieri</span> <span class='ocrx_word' id='word_1_160' title='bbox 876 3266 979 3350; x_wconf 86' lang='lat' dir='ltr'>solet,</span> <span class='ocrx_word' id='word_1_161' title='bbox 997 3267 1152 3358; x_wconf 91' lang='lat' dir='ltr'>aliquam</span> <span class='ocrx_word' id='word_1_162' title='bbox 1179 3290 1331 3359; x_wconf 89' lang='lat' dir='ltr'>precem,</span> <span class='ocrx_word' id='word_1_163' title='bbox 1348 3269 1384 3336; x_wconf 93' lang='lat' dir='ltr'>iu</span> <span class='ocrx_word' id='word_1_164' title='bbox 1409 3292 1484 3358; x_wconf 89' lang='lat' dir='ltr'>qna</span> 
     </span>
     <span class='ocr_line' id='line_1_24' title="bbox 433 3379 1482 3473; baseline 0.003 -25"><span class='ocrx_word' id='word_1_165' title='bbox 433 3380 598 3470; x_wconf 88' lang='lat' dir='ltr'>loquatur</span> <span class='ocrx_word' id='word_1_166' title='bbox 615 3390 738 3450; x_wconf 88' lang='lat' dir='ltr'>contra</span> <span class='ocrx_word' id='word_1_167' title='bbox 754 3379 913 3473; x_wconf 86' lang='lat' dir='ltr'>regulam</span> <span class='ocrx_word' id='word_1_168' title='bbox 931 3380 1035 3464; x_wconf 83' lang='lat' dir='ltr'>fidei3</span> <span class='ocrx_word' id='word_1_169' title='bbox 1061 3382 1165 3451; x_wconf 91' lang='lat' dir='ltr'>multi</span> <span class='ocrx_word' id='word_1_170' title='bbox 1188 3383 1319 3473; x_wconf 89' lang='lat' dir='ltr'>quippe</span> <span class='ocrx_word' id='word_1_171' title='bbox 1341 3383 1482 3451; x_wconf 88' lang='lat' dir='ltr'>irruunt</span> 
     </span>
     <span class='ocr_line' id='line_1_25' title="bbox 432 3495 1481 3588; baseline 0.005 -26"><span class='ocrx_word' id='word_1_172' title='bbox 432 3496 468 3562; x_wconf 94' lang='lat' dir='ltr'>in</span> <span class='ocrx_word' id='word_1_173' title='bbox 496 3517 629 3585; x_wconf 85' lang='lat' dir='ltr'>preces,</span> <span class='ocrx_word' id='word_1_174' title='bbox 657 3517 727 3563; x_wconf 92' lang='lat' dir='ltr'>non</span> <span class='ocrx_word' id='word_1_175' title='bbox 758 3495 872 3565; x_wconf 89' lang='lat' dir='ltr'>solum</span> <span class='ocrx_word' id='word_1_176' title='bbox 902 3496 947 3564; x_wconf 92' lang='lat' dir='ltr'>ab</span> <span class='ocrx_word' id='word_1_177' title='bbox 978 3497 1151 3587; x_wconf 89' lang='lat' dir='ltr'>imperitis</span> <span class='ocrx_word' id='word_1_178' title='bbox 1180 3496 1392 3588; x_wconf 88' lang='lat' dir='ltr'>loquacibus,</span> <span class='ocrx_word' id='word_1_179' title='bbox 1417 3499 1481 3567; x_wconf 91' lang='lat' dir='ltr'>sed</span> 
     </span>
     <span class='ocr_line' id='line_1_26' title="bbox 432 3608 1482 3702; baseline 0.004 -26"><span class='ocrx_word' id='word_1_180' title='bbox 432 3609 540 3677; x_wconf 86' lang='lat' dir='ltr'>etiam</span> <span class='ocrx_word' id='word_1_181' title='bbox 571 3610 616 3678; x_wconf 91' lang='lat' dir='ltr'>ab</span> <span class='ocrx_word' id='word_1_182' title='bbox 646 3608 825 3679; x_wconf 89' lang='lat' dir='ltr'>haereticis</span> <span class='ocrx_word' id='word_1_183' title='bbox 853 3612 1075 3700; x_wconf 68' lang='lat' dir='ltr'>compositas</span> <span class='ocrx_word' id='word_1_184' title='bbox 1106 3621 1144 3678; x_wconf 83' lang='lat' dir='ltr'>et</span> <span class='ocrx_word' id='word_1_185' title='bbox 1174 3633 1236 3701; x_wconf 89' lang='lat' dir='ltr'>per</span> <span class='ocrx_word' id='word_1_186' title='bbox 1271 3610 1482 3702; x_wconf 85' lang='lat' dir='ltr'>ignorantiae</span> 
     </span>
     <span class='ocr_line' id='line_1_27' title="bbox 432 3722 1483 3813; baseline 0.004 -24"><span class='ocrx_word' id='word_1_187' title='bbox 432 3722 705 3813; x_wconf 88' lang='lat' dir='ltr'>simplicitatem,</span> <span class='ocrx_word' id='word_1_188' title='bbox 733 3745 803 3791; x_wconf 90' lang='lat' dir='ltr'>nou</span> <span class='ocrx_word' id='word_1_189' title='bbox 831 3745 890 3792; x_wconf 89' lang='lat' dir='ltr'>eas</span> <span class='ocrx_word' id='word_1_190' title='bbox 914 3724 1072 3793; x_wconf 87' lang='lat' dir='ltr'>valentes</span> <span class='ocrx_word' id='word_1_191' title='bbox 1097 3724 1302 3804; x_wconf 86' lang='lat' dir='ltr'>discernere,</span> <span class='ocrx_word' id='word_1_192' title='bbox 1330 3732 1483 3793; x_wconf 89' lang='lat' dir='ltr'>utuntur</span> 
     </span>
     <span class='ocr_line' id='line_1_28' title="bbox 433 3838 1481 3930; baseline 0.001 -24"><span class='ocrx_word' id='word_1_193' title='bbox 433 3838 483 3906; x_wconf 90' lang='lat' dir='ltr'>eis</span> <span class='ocrx_word' id='word_1_194' title='bbox 508 3838 719 3907; x_wconf 89' lang='lat' dir='ltr'>arbitrantes</span> <span class='ocrx_word' id='word_1_195' title='bbox 744 3838 838 3927; x_wconf 92' lang='lat' dir='ltr'>quod</span> <span class='ocrx_word' id='word_1_196' title='bbox 860 3838 963 3907; x_wconf 89' lang='lat' dir='ltr'>bouae</span> <span class='ocrx_word' id='word_1_197' title='bbox 989 3840 1079 3920; x_wconf 91' lang='lat' dir='ltr'>sint;</span> <span class='ocrx_word' id='word_1_198' title='bbox 1107 3861 1171 3907; x_wconf 89' lang='lat' dir='ltr'>uec</span> <span class='ocrx_word' id='word_1_199' title='bbox 1192 3848 1313 3909; x_wconf 89' lang='lat' dir='ltr'>tamen</span> <span class='ocrx_word' id='word_1_200' title='bbox 1330 3838 1423 3930; x_wconf 91' lang='lat' dir='ltr'>quod</span> <span class='ocrx_word' id='word_1_201' title='bbox 1443 3840 1481 3907; x_wconf 93' lang='lat' dir='ltr'>in</span> 
     </span>
     <span class='ocr_line' id='line_1_29' title="bbox 433 3952 1482 4044; baseline 0.001 -24"><span class='ocrx_word' id='word_1_202' title='bbox 433 3952 483 4021; x_wconf 90' lang='lat' dir='ltr'>eis</span> <span class='ocrx_word' id='word_1_203' title='bbox 512 3974 715 4044; x_wconf 90' lang='lat' dir='ltr'>perversum</span> <span class='ocrx_word' id='word_1_204' title='bbox 742 3962 796 4021; x_wconf 87' lang='lat' dir='ltr'>eat</span> <span class='ocrx_word' id='word_1_205' title='bbox 821 3962 971 4022; x_wconf 84' lang='lat' dir='ltr'>evacuat</span> <span class='ocrx_word' id='word_1_206' title='bbox 1001 3952 1062 4023; x_wconf 87' lang='lat' dir='ltr'>illa</span> <span class='ocrx_word' id='word_1_207' title='bbox 1087 3976 1164 4043; x_wconf 84' lang='lat' dir='ltr'>quae</span> <span class='ocrx_word' id='word_1_208' title='bbox 1194 3952 1242 4021; x_wconf 92' lang='lat' dir='ltr'>ibi</span> <span class='ocrx_word' id='word_1_209' title='bbox 1267 3967 1364 4022; x_wconf 85' lang='lat' dir='ltr'>recta</span> <span class='ocrx_word' id='word_1_210' title='bbox 1385 3962 1482 4034; x_wconf 87' lang='lat' dir='ltr'>suut,</span> 
     </span>
     <span class='ocr_line' id='line_1_30' title="bbox 432 4065 1481 4157; baseline 0.002 -23"><span class='ocrx_word' id='word_1_211' title='bbox 432 4065 493 4134; x_wconf 89' lang='lat' dir='ltr'>sed</span> <span class='ocrx_word' id='word_1_212' title='bbox 519 4065 564 4134; x_wconf 93' lang='lat' dir='ltr'>ab</span> <span class='ocrx_word' id='word_1_213' title='bbox 590 4067 640 4134; x_wconf 85' lang='lat' dir='ltr'>eis</span> <span class='ocrx_word' id='word_1_214' title='bbox 665 4067 783 4156; x_wconf 92' lang='lat' dir='ltr'>potius</span> <span class='ocrx_word' id='word_1_215' title='bbox 809 4073 1021 4135; x_wconf 89' lang='lat' dir='ltr'>evacuatur:</span> <span class='ocrx_word' id='word_1_216' title='bbox 1053 4067 1144 4136; x_wconf 86' lang='lat' dir='ltr'>sicut</span> <span class='ocrx_word' id='word_1_217' title='bbox 1170 4068 1205 4134; x_wconf 93' lang='lat' dir='ltr'>in</span> <span class='ocrx_word' id='word_1_218' title='bbox 1234 4068 1309 4157; x_wconf 91' lang='lat' dir='ltr'>ipso</span> <span class='ocrx_word' id='word_1_219' title='bbox 1335 4065 1481 4136; x_wconf 91' lang='lat' dir='ltr'>homine</span> 
     </span>
    </p>
   </div>
   <div class='ocr_carea' id='block_1_5' title="bbox 431 4257 1482 4432">
    <p class='ocr_par' dir='ltr' id='par_1_6' title="bbox 431 4257 1482 4432">
     <span class='ocr_line' id='line_1_31' title="bbox 473 4257 1482 4337; baseline 0.002 -22"><span class='ocrx_word' id='word_1_220' title='bbox 473 4268 486 4299; x_wconf 75' lang='lat'><em>⁰</em></span> <span class='ocrx_word' id='word_1_221' title='bbox 501 4257 549 4315; x_wconf 90' lang='lat' dir='ltr'>Sic</span> <span class='ocrx_word' id='word_1_222' title='bbox 563 4258 592 4313; x_wconf 93' lang='lat' dir='ltr'>in</span> <span class='ocrx_word' id='word_1_223' title='bbox 607 4258 698 4316; x_wconf 87' lang='lat' dir='ltr'><strong>MSS.</strong></span> <span class='ocrx_word' id='word_1_224' title='bbox 714 4268 743 4316; x_wconf 87' lang='lat' dir='ltr'>et</span> <span class='ocrx_word' id='word_1_225' title='bbox 757 4262 833 4337; x_wconf 90' lang='lat' dir='ltr'>apud</span> <span class='ocrx_word' id='word_1_226' title='bbox 848 4264 935 4335; x_wconf 84' lang='lat' dir='ltr'>Cypr.</span> <span class='ocrx_word' id='word_1_227' title='bbox 972 4264 1011 4318; x_wconf 80' lang='lat' dir='ltr'>At</span> <span class='ocrx_word' id='word_1_228' title='bbox 1026 4263 1096 4318; x_wconf 91' lang='lat' dir='ltr'>Lov.</span> <span class='ocrx_word' id='word_1_229' title='bbox 1112 4281 1129 4318; x_wconf 84' lang='lat' dir='ltr'>rr</span> <span class='ocrx_word' id='word_1_230' title='bbox 1144 4281 1226 4336; x_wconf 78' lang='lat' dir='ltr'>reqno</span> <span class='ocrx_word' id='word_1_231' title='bbox 1241 4262 1365 4318; x_wconf 68' lang='lat' dir='ltr'>carlorum</span> <span class='ocrx_word' id='word_1_232' title='bbox 1380 4261 1482 4317; x_wconf 82' lang='lat' dir='ltr'>Eccle-</span> 
     </span>
     <span class='ocr_line' id='line_1_32' title="bbox 431 4354 1153 4432; baseline 0.006 -23"><span class='ocrx_word' id='word_1_233' title='bbox 431 4355 474 4409; x_wconf 80' lang='lat' dir='ltr'>sia</span> <span class='ocrx_word' id='word_1_234' title='bbox 482 4356 535 4427; x_wconf 79' lang='lat' dir='ltr'>fiel</span> <span class='ocrx_word' id='word_1_235' title='bbox 549 4354 663 4410; x_wconf 82' lang='lat' dir='ltr'>alienus.</span> <span class='ocrx_word' id='word_1_236' title='bbox 708 4355 817 4427; x_wconf 88' lang='lat' dir='ltr'>(Habet</span> <span class='ocrx_word' id='word_1_237' title='bbox 831 4375 847 4412; x_wconf 87' lang='lat' dir='ltr'>a</span> <span class='ocrx_word' id='word_1_238' title='bbox 862 4377 944 4432; x_wconf 74' lang='lat' dir='ltr'>reqno</span> <span class='ocrx_word' id='word_1_239' title='bbox 958 4358 1036 4432; x_wconf 90' lang='lat' dir='ltr'>prior</span> <span class='ocrx_word' id='word_1_240' title='bbox 1050 4360 1153 4428; x_wconf 88' lang='lat' dir='ltr'>meus.)</span> 
     </span>
    </p>
   </div>
   <div class='ocr_carea' id='block_1_6' title="bbox 424 4448 1471 4621">
    <p class='ocr_par' dir='ltr' id='par_1_7' title="bbox 424 4448 1471 4621">
     <span class='ocr_line' id='line_1_33' title="bbox 473 4448 1471 4529; baseline 0.005 -25"><span class='ocrx_word' id='word_1_241' title='bbox 473 4448 485 4483; x_wconf 80' lang='lat'>‘¹</span> <span class='ocrx_word' id='word_1_242' title='bbox 500 4449 569 4505; x_wconf 89' lang='lat' dir='ltr'>Sola</span> <span class='ocrx_word' id='word_1_243' title='bbox 582 4448 641 4505; x_wconf 84' lang='lat' dir='ltr'>fere</span> <span class='ocrx_word' id='word_1_244' title='bbox 659 4450 746 4507; x_wconf 87' lang='lat' dir='ltr'>editio</span> <span class='ocrx_word' id='word_1_245' title='bbox 761 4452 832 4508; x_wconf 92' lang='lat' dir='ltr'>Lov.</span> <span class='ocrx_word' id='word_1_246' title='bbox 848 4454 1090 4527; x_wconf 76' lang='lat' dir='ltr'>manifestarentur</span> <span class='ocrx_word' id='word_1_247' title='bbox 1103 4455 1191 4528; x_wconf 82' lang='lat' dir='ltr'>aliqui</span> <span class='ocrx_word' id='word_1_248' title='bbox 1204 4454 1344 4529; x_wconf 74' lang='lat' dir='ltr'>baptizoti,</span> <span class='ocrx_word' id='word_1_249' title='bbox 1362 4497 1387 4509; x_wconf 91' lang='lat'>..</span> <span class='ocrx_word' id='word_1_250' title='bbox 1404 4497 1429 4510; x_wconf 90' lang='lat'>..</span> <span class='ocrx_word' id='word_1_251' title='bbox 1444 4497 1471 4509; x_wconf 90' lang='lat'>..</span> 
     </span>
     <span class='ocr_line' id='line_1_34' title="bbox 424 4544 845 4621; baseline 0.012 -22"><span class='ocrx_word' id='word_1_252' title='bbox 424 4544 589 4615; x_wconf 78' lang='lat' dir='ltr'>juberentur</span> <span class='ocrx_word' id='word_1_253' title='bbox 602 4546 687 4600; x_wconf 81' lang='lat' dir='ltr'>denno</span> <span class='ocrx_word' id='word_1_254' title='bbox 702 4546 845 4621; x_wconf 79' lang='lat' dir='ltr'>baptizari.</span> 
     </span>
    </p>
   </div>
   <div class='ocr_carea' id='block_1_7' title="bbox 474 4640 1001 4705">
    <p class='ocr_par' dir='ltr' id='par_1_8' title="bbox 474 4640 1001 4705">
     <span class='ocr_line' id='line_1_35' title="bbox 474 4640 1001 4705; baseline 0.011 -10"><span class='ocrx_word' id='word_1_255' title='bbox 474 4649 487 4679; x_wconf 61' lang='grc' dir='ltr'><strong>θ</strong></span> <span class='ocrx_word' id='word_1_256' title='bbox 502 4640 587 4705; x_wconf 81' lang='lat' dir='ltr'>Editi,</span> <span class='ocrx_word' id='word_1_257' title='bbox 602 4640 708 4697; x_wconf 80' lang='lat' dir='ltr'>habeat.</span> <span class='ocrx_word' id='word_1_258' title='bbox 752 4644 791 4699; x_wconf 81' lang='lat' dir='ltr'>At</span> <span class='ocrx_word' id='word_1_259' title='bbox 806 4643 896 4700; x_wconf 89' lang='lat' dir='ltr'>MSS.</span> <span class='ocrx_word' id='word_1_260' title='bbox 912 4646 1001 4702; x_wconf 80' lang='lat' dir='ltr'>habet.</span> 
     </span>
    </p>
   </div>
   <div class='ocr_carea' id='block_1_8' title="bbox 0 0 1919 5692">
    <p class='ocr_par' dir='ltr' id='par_1_9' title="bbox 0 0 1919 5692">
     <span class='ocr_line' id='line_1_36' title="bbox 0 0 1919 5692; baseline 0 0"><span class='ocrx_word' id='word_1_261' title='bbox 0 0 1919 5692; x_wconf 95' lang='lat' dir='ltr'> </span> 
     </span>
    </p>
   </div>
  </div>
 </body>
</html>
