3817 5692
435 683 497 750 160
664 686 916 750 ARCHELAI
942 687 1007 749 ΕΤ
1033 687 1253 752 MANETIS

432 859 639 929 defecerunt
658 860 719 928 ain
741 860 896 929 adventu
915 860 1107 951 praesentiae
1125 861 1210 952 ejus.
1264 859 1302 931 Si
1321 884 1405 954 ergo
1422 885 1484 932 au·

431 975 565 1045 feratur
592 974 763 1058 velamen,
787 975 882 1066 quod
909 975 945 1044 in
972 975 1034 1045 illa
1058 974 1211 1045 lectione
1238 978 1391 1068 positum
1416 989 1482 1062 est,

431 1083 660 1183 bintelligent
680 1091 849 1159 virtutem
867 1091 1150 1172 circumcisionis,
1169 1093 1350 1162 invenient
1367 1102 1405 1162 et
1420 1117 1484 1186 ge·

430 1204 649 1273 necationem
676 1204 764 1294 ejus,
793 1226 899 1295 quern
930 1204 1175 1296 praedicamus,
1206 1215 1243 1275 et
1269 1229 1422 1289 crucem,
1445 1214 1484 1276 et

430 1341 649 1410 quaecunque
674 1320 720 1388 de
746 1318 902 1388 Domino
919 1329 1040 1390 nostro
1064 1332 1164 1413 gesta
1181 1330 1275 1405 sunt,
1300 1322 1375 1413 ipsa
1397 1344 1482 1404 esse,

430 1458 506 1525 quoe
531 1436 575 1505 de
598 1459 642 1506 eo
666 1435 808 1505 fuerant
830 1436 1011 1528 praedicta.
1064 1436 1113 1505 Et
1139 1436 1245 1507 velim
1267 1438 1412 1528 quidem
1438 1438 1483 1508 de

430 1550 622 1644 Scripturis
655 1552 831 1623 discutere
865 1575 1143 1643 unumquenque
1178 1560 1408 1636 “sermonem
1445 1564 1483 1624 et

430 1668 627 1749 ostendere,
662 1676 704 1736 ut
739 1667 890 1761 intelligi
925 1669 1071 1762 dignum
1108 1677 1184 1750 est;
1220 1670 1281 1739 sed
1316 1669 1480 1761 quoniam

431 1804 525 1852 nunc
550 1781 646 1853 aliud
673 1791 738 1863 est,
756 1784 850 1874 quod
878 1792 992 1874 urget,
1018 1778 1091 1852 dde
1120 1785 1257 1853 vacanti
1283 1784 1385 1854 nobis
1415 1785 1483 1854 ista

430 1898 615 1980 dicentur;
643 1897 721 1969 haec
747 1899 842 1969 enim
869 1897 999 1969 dixisse
1025 1921 1120 1969 nunc
1147 1899 1286 1983 suflicit,
1305 1909 1346 1970 ut
1363 1910 1482 1971 osten-

430 2014 554 2083 damus
583 2036 655 2082 non
682 2015 757 2084 sine
786 2037 891 2084 causa
918 2014 1080 2084 velamen
1107 2016 1262 2107 positum
1290 2038 1395 2108 super
1422 2039 1483 2086 oor

429 2130 650 2220 quorundam
674 2131 710 2198 in
734 2129 888 2199 lectione
905 2131 1035 2201 veteris
1056 2132 1272 2201 testamenti.
1324 2130 1482 2215 Quicun-

429 2267 500 2336 que
518 2268 601 2315 vero
617 2246 662 2315 ad
680 2243 876 2316 Dominum
894 2255 1162 2329 convertuntur,
1178 2246 1223 2316 ab
1237 2247 1278 2315 iis
1296 2246 1480 2318 ‘velamen

429 2361 596 2431 aufertur.
648 2360 740 2444 Quae
767 2363 886 2431 omnia
915 2385 1022 2453 quarn
1049 2364 1121 2432 vim
1148 2361 1303 2432 habeant
1330 2363 1365 2431 in
1394 2386 1480 2446 sese,

432 2475 488 2545 his
505 2478 565 2569 qui
583 2499 687 2548 sensu
705 2477 838 2571 vigent,
855 2476 1126 2572 intelligendum
1145 2477 1315 2569 relinquo.
1348 2478 1482 2550 Venia·

430 2613 510 2662 mus
544 2592 652 2662 etiarn
686 2593 733 2663 ad
765 2592 867 2663 illum
898 2615 1097 2664 sermonem
1134 2593 1265 2686 Moysi,
1289 2589 1375 2684 fquo
1408 2595 1478 2665 ait:

431 2704 658 2801 'Prophetam
680 2705 772 2779 cobis
796 2706 974 2779 suscitabit
990 2705 1166 2778 Dominus
1183 2705 1280 2778 Deus
1305 2718 1412 2779 cester
1436 2733 1482 2780 cc

417 2821 598 2917 fratribus
632 2824 763 2907 uestris,
793 2825 881 2896 sicut
911 2848 963 2895 mc
976 2849 988 2903 ‚·
1019 2826 1055 2894 in
1085 2848 1156 2916 quo
1183 2846 1348 2918 magnam
1376 2826 1479 2896 video

430 2939 650 3030 prophetiam
675 2940 797 3010 famuli
822 2940 951 3034 Moysi,
970 2952 987 3000 ⁸
998 2941 1141 3011 scientis
1158 2962 1252 3022 eum,
1270 2941 1329 3030 qui
1355 2950 1480 3011 ventu-

429 3077 488 3124 rus
505 3064 607 3134 esset,
625 3057 831 3149 ampliasse
849 3058 993 3149 quidem
1016 3057 1238 3127 auctoritatis
1261 3056 1478 3141 habiturum,

428 3168 556 3241 similia
573 3180 692 3243 tamen
711 3195 787 3244 esse
803 3196 998 3265 passurum,
1016 3182 1054 3242 et
1071 3171 1201 3241 similia
1217 3172 1325 3264 signa,
1340 3195 1381 3244 ac
1400 3196 1480 3265 pro-

429 3286 524 3379 digia
542 3295 775 3358 ostensurum.
827 3289 900 3359 'lbi
919 3290 1014 3358 enim
1033 3287 1178 3380 Moyses
1195 3294 1310 3369 natus,
1327 3310 1348 3357 a
1365 3298 1478 3359 matre

469 3558 485 3590 ἢ
499 3550 578 3606 Idem
594 3549 694 3614 codex,
707 3549 735 3606 in
749 3550 897 3606 moestum.

469 3641 484 3685 b
499 3646 580 3702 Idem
594 3647 695 3715 codex,
710 3647 871 3722 iutelliqcns.
905 3647 942 3703 Et
957 3646 1040 3715 infru,
1055 3647 1114 3721 ι’ρεα
1128 3666 1186 3722 quae
1199 3649 1232 3704 de
1245 3666 1285 3704 co.

467 3753 481 3784 c
502 3743 536 3799 ln
550 3744 647 3802 codice
662 3744 796 3801 Bobiensi
811 3745 927 3801 mutilus
938 3752 982 3801 cst
996 3744 1042 3800 hic
1055 3744 1153 3811 locus;
1176 3745 1262 3803 habet
1276 3745 1361 3810 enirn,
1375 3764 1475 3803 sermo-

426 3857 494 3905 nem,
507 3849 536 3896 ut
551 3841 676 3916 iutelliqi,
690 3843 800 3917 dquam
814 3851 863 3898 ecl.
902 3842 1018 3898 Dixisse
1031 3861 1100 3898 nunc
1113 3843 1221 3917 sufficit.

468 3932 484 3978 d
506 3937 539 3993 ln
562 3936 711 3995 (lesinensi
732 3947 786 4005 est,
803 3941 837 3996 dc
856 3939 1034 4006 vacantibus;
1056 3940 1105 3996 sed
1125 3939 1288 4014 legendum,
1311 3941 1344 3996 de
1358 3941 1475 3996 vacanti.

428 4030 476 4089 Sic
491 4051 576 4108 supra
589 4053 651 4109 cap.
664 4054 714 4108 4¹·

468 4131 594 4188 euodes
609 4132 681 4190 Bob.
696 4134 881 4190 uelamentum.
1037 4132 1048 4175 f
1061 4134 1161 4192 Codex
1176 4135 1249 4192 Bob.
1265 4135 1335 4211 quod
1347 4137 1394 4191 ait.

467 4237 484 4282 u
499 4228 533 4284 ln
547 4228 695 4286 Casinensi
710 4230 807 4287 codice
821 4230 962 4297 scribitur,
973 4232 1127 4295 edentibus.
1140 4232 1168 4288 in
1185 4232 1328 4297 Bobiensi,
1342 4232 1475 4297 scientes,-

426 4325 478 4381 sed
491 4325 631 4390 Valesius,
646 4326 764 4392 scientis,
786 4328 996 4385 emendandum
1018 4329 1137 4397 censuit,
1155 4330 1235 4404 cujus
1257 4329 1403 4386 sententiae
1425 4328 1474 4384 ad-

425 4425 551 4498 stipulati
566 4445 672 4482 sumus.
710 4426 788 4483 Infra
802 4426 961 4492 Bobiensis‚
976 4428 1142 4502 etamplius.

671 4627 677 4649 ¹
690 4623 773 4680 Deut.
786 4623 862 4680 xviii.
880 4626 923 4682 18.
1067 4627 1178 4685 'Exod
1193 4627 1220 4684 ii.
