3817 5692
439 697 482 762 68
659 700 914 764 ARCHELAI
945 701 1011 764 ET
1043 701 1263 764 MANETIS

438 877 498 945 λιν
525 869 655 974 ἀφίησι
682 867 748 966 τὴν
771 874 896 962 βῶλον
923 866 1013 963 μετὰ
1037 876 1100 947 τοῦ
1126 867 1204 946 νέου
1229 872 1362 959 αἰῶνος,
1389 865 1485 947 ὅπως

436 1000 553 1073 πᾶσαι
586 1000 623 1073 αἱ
655 998 772 1099 ψυχαὶ
803 1001 875 1073 τῶν
905 996 1130 1094 ἁμαρτωλῶν
1161 998 1314 1072 δεθῶοιν
1344 998 1393 1074 εἰς
1421 989 1484 1069 τὸν

437 1125 558 1201 αἰῶνα.
611 1120 691 1200 τότε
727 1119 765 1199 δὲ
794 1129 906 1199 ταῦτα
938 1118 1138 1220 γενήσεται,
1172 1119 1258 1198 ὅταν
1292 1120 1311 1197 ὁ
1341 1116 1484 1219 ἀνδριὰς

436 1244 536 1350 ἔλθῃ.
576 1252 612 1324 ai
642 1245 681 1324 δὲ
713 1251 895 1349 προβολαὶ
925 1254 1053 1343 πᾶσαν,
1084 1249 1104 1325 ὁ
1132 1248 1284 1346 Ἰησοῦς,
1314 1249 1334 1325 ὁ
1366 1248 1404 1323 ἐν
1433 1252 1486 1351 τῷ

436 1379 550 1478 μικρῷ
576 1375 705 1480 πλοίῳ,
721 1377 779 1451 καὶ
798 1374 820 1470 ἡ
838 1372 973 1475 Μήτηρ
1000 1378 1065 1470 τῆς
1092 1373 1191 1475 ζωῆς,
1211 1377 1269 1451 καὶ
1293 1378 1326 1450 oi
1348 1373 1485 1451 δώδεκα

435 1505 647 1598 κυβερνῖται,
665 1503 724 1576 καὶ
752 1500 774 1596 ἡ
800 1499 977 1600 παρθένος
1003 1507 1068 1576 τοῦ
1090 1496 1222 1601 φωτὸς,
1241 1500 1297 1575 καὶ
1317 1498 1337 1573 ὁ
1359 1502 1482 1598 Πρεσ·

435 1693 584 1777 objicitur
602 1694 687 1758 inter
705 1695 844 1758 medium
866 1695 938 1758 novi
979 1693 1220 1758 uProbationes
1242 1700 1352 1756 autem
1375 1713 1485 1756 omnes

434 1779 549 1856 saeouli,
562 1787 599 1844 ut
614 1801 723 1843 omnes
738 1780 854 1844 animae
868 1802 938 1863 pec·
980 1779 1002 1842 J
1003 1801 1076 1843 esus
1090 1785 1140 1842 est
1162 1779 1195 1841 in
1212 1778 1336 1842 modice
1350 1777 1434 1852 navi,
1449 1786 1484 1841 et

435 1871 580 1927 catorum
594 1865 795 1929 ⁰vincientur
804 1865 836 1927 in
849 1873 939 1929 aeter-
982 1865 1094 1927 Mater
1128 1864 1213 1940 vitae,
1245 1870 1279 1927 et
1315 1861 1483 1925 duodecim

434 1969 520 2013 num.
545 1950 833 2014 Tunoeutemhaec
848 1951 936 2026 fient,
980 1949 1231 2024 Gubemutores,
1258 1954 1292 2011 et
1316 1947 1412 2031 Virgo
1436 1945 1483 2010 lu-

434 2045 531 2097 scum
557 2042 682 2100 statute
708 2035 829 2099 venerit
858 2036 937 2100 dies.
979 2036 1035 2113 eis,
1051 2042 1085 2098 et
1101 2034 1215 2097 Senior
1228 2032 1353 2097 tertius.
1387 2031 1483 2096 Unde

434 2200 526 2263 mittit,
546 2210 575 2257 ut
596 2219 685 2256 ornnes
700 2209 873 2275 peccutorurn
894 2202 990 2257 anime
1003 2204 1031 2257 in
1049 2210 1177 2258 eternum
1195 2201 1311 2257 umentis
1331 2183 1484 2257 constricte

433 2304 581 2353 teneantur.
625 2296 709 2353 Unde
729 2309 826 2354 sutem
846 2307 926 2355 tante
944 2298 1019 2355 inter
1039 2316 1173 2373 groecsm,
1188 2306 1217 2354 et
1237 2297 1355 2355 latinam
1375 2297 1483 2354 versio·

433 2411 498 2449 nem
513 2393 661 2449 diversitas
675 2394 791 2458 orietur,
806 2396 921 2470 ignoro.

474 2498 489 2529 ⁰
511 2489 611 2546 Codex
626 2489 785 2555 Bobiensis,
799 2493 953 2557 uincantur,
968 2510 1052 2565 quum
1073 2491 1225 2547 lectionem
1239 2490 1404 2547 mendosam
1419 2508 1484 2547 esse

434 2606 546 2663 graecus
560 2587 635 2660 epud
649 2588 839 2661 Epiphanium
853 2598 950 2646 textus
965 2587 1078 2645 evincit.

474 2694 490 2739 Ρ
505 2685 604 2741 Codex
619 2686 777 2751 Bobiensis,
790 2705 848 2743 curn
859 2687 913 2742 ista
927 2694 987 2742 totu
1000 2686 1140 2752 uenerint,·
1156 2684 1341 2759 probationes,
1351 2686 1403 2742 διε.
1423 2683 1483 2742 Sed

433 2780 509 2853 opud
522 2779 711 2853 Epiphanium
726 2788 779 2843 est,
795 2799 853 2837 eum
867 2790 959 2838 statuo
972 2782 1085 2838 venerit.

473 2887 488 2930 <t
511 2877 566 2932 Hie
587 2877 667 2933 locus
687 2877 757 2934 mire
776 2878 805 2933 in
824 2877 958 2935 Bobiensi
979 2879 1066 2935 etism
1087 2877 1184 2934 codice
1199 2885 1243 2933 est
1259 2876 1437 2949 depravatus,
1451 2875 1481 2931 in

432 2992 487 3046 quo
510 2974 551 3029 sie
571 2974 686 3048 legitur.
722 2975 903 3031 Probctiones
929 2984 1018 3031 cutem
1041 2993 1140 3039 mes,
1159 2974 1242 3031 Jesus
1262 2982 1302 3029 est
1326 2974 1355 3028 in
1376 2972 1482 3028 modico

431 3069 502 3132 suci,
524 3077 550 3124 et
570 3070 667 3126 Mater
687 3074 758 3135 vitre,
779 3080 807 3127 et
827 3073 964 3128 duodecim
980 3072 1190 3135 Gubmutores,
1208 3079 1236 3126 et
1253 3071 1338 3145 Virqo
1359 3068 1437 3134 lueis,
1454 3078 1482 3125 et

431 3161 530 3218 Senior
544 3165 648 3221 tertius.
687 3165 762 3222 Unde
778 3175 804 3222 et
824 3168 913 3239 major
926 3169 953 3223 in
973 3169 1037 3224 nuni
1049 3170 1142 3224 vivens
1155 3167 1279 3242 Spiritus
1291 3166 1440 3231 adhibetur,
1454 3174 1482 3221 et

430 3276 523 3314 murus
536 3261 609 3335 ienis
626 3261 702 3318 illins
723 3267 821 3339 menni,
837 3272 864 3320 et
877 3284 971 3321 munes
985 3266 1058 3320 uenti
1070 3274 1097 3321 et
1110 3266 1193 3332 ueris,
1208 3272 1234 3319 et
1247 3283 1323 3338 cquoe
1341 3264 1483 3319 interioris

430 3356 502 3430 iqnis
515 3360 665 3435 vivensque.
700 3361 798 3420 Onniu
812 3364 840 3418 in
855 3364 918 3419 luno
932 3363 1088 3420 habitabunt
1102 3381 1236 3438 usqueque
1254 3370 1338 3418 toturn
1356 3362 1481 3417 mundum

429 3453 501 3526 ienis
514 3456 645 3523 absumat,
661 3459 778 3534 inquens
791 3468 879 3516 antem
894 3478 1024 3516 annorum
1045 3478 1181 3516 numerum
1198 3477 1250 3514 non
1264 3458 1358 3514 didici.
1391 3456 1479 3513 Vide·

429 3556 475 3604 tur
489 3560 583 3608 nutem
598 3555 730 3628 antiquus
751 3557 891 3631 interpres
912 3576 970 3612 non
989 3556 1062 3612 bene
1082 3556 1254 3612 intellexisse
1268 3555 1435 3629 quibusdem
1450 3554 1480 3609 in

428 3644 498 3701 locis
519 3648 576 3703 vim
597 3651 684 3724 graeci
704 3660 809 3715 textus,
832 3653 912 3727 cujus
930 3652 1017 3708 verba
1036 3653 1111 3725 upud
1127 3651 1317 3726 Epiphanium
1337 3651 1377 3706 ita
1393 3650 1481 3706 latine

428 3753 531 3799 sonant
545 3763 582 3800 ex
596 3746 725 3803 versione
741 3757 848 3803 nostra.
886 3748 994 3805 Cunctae
1007 3767 1071 3804 vero
1080 3749 1306 3823 proponationes,
1320 3765 1367 3803 seu
1382 3747 1479 3821 prota-

428 3838 515 3894 tiones
532 3850 697 3914 potestutnm
711 3863 744 3899 er
758 3844 824 3899 bono
839 3845 909 3909 Deo,
924 3863 1026 3920 nempe,
1040 3845 1131 3909 Jestts,
1145 3845 1192 3919 qui
1207 3845 1235 3900 in
1253 3844 1352 3900 minori
1372 3844 1480 3917 naviuin

428 3945 523 4000 manet,
539 3946 565 3993 et
585 3939 649 3994 cite
666 3939 772 4008 Mater,
789 3948 816 3995 et
833 3940 1034 3996 Gubernatores
1055 3941 1201 4004 duodecim,
1215 3947 1243 3995 et
1261 3939 1347 4014 Virqo
1361 3939 1438 4005 Ινοίο,
1453 3949 1480 3996 et

428 4029 526 4087 Senior
540 4035 647 4102 tertius,
663 4037 709 4109 qui
730 4040 757 4091 in
778 4034 880 4107 majore
900 4038 1010 4111 novicio
1031 4037 1142 4102 residet,
1156 4045 1182 4092 et
1202 4039 1295 4092 vinens
1310 4035 1434 4110 Spiritus
1453 4046 1480 4092 et

426 4125 544 4199 inuentis
563 4129 635 4203 ienis
655 4150 747 4187 murus
763 4141 789 4188 et
808 4150 899 4188 munes
918 4134 1002 4197 venti,
1017 4135 1140 4198 etaeris,
1155 4141 1278 4207 stoque,
1293 4141 1320 4188 et
1340 4133 1482 4188 interioris

426 4220 498 4294 ienis
521 4225 655 4293 uiuentis,
679 4226 719 4283 de
742 4229 849 4302 inquam
878 4247 968 4284 omnm
987 4233 1209 4304 propequtinnes,
1231 4248 1280 4285 seu
1299 4229 1480 4303 prolationes,

425 4318 501 4388 apud
518 4320 641 4394 eriquum
659 4321 790 4377 luminare
811 4322 943 4389 hubitant,
959 4343 1092 4398 quousque
1104 4326 1176 4399 iqnis
1189 4326 1342 4381 universum
1355 4326 1479 4381 niunden

425 4410 556 4479 absumat,
570 4417 600 4471 id
611 4418 684 4491 qnod
704 4423 777 4473 certo
796 4436 925 4473 annorum
939 4419 1028 4492 spatio
1050 4421 1195 4495 continuet,
1211 4440 1322 4495 quorum
1343 4440 1479 4477 numerum

425 4509 522 4564 neseio.
564 4510 622 4568 Sed
654 4513 689 4567 de
724 4513 768 4568 his
797 4511 1022 4569 Manichaeorum
1050 4515 1163 4589 ineptiis
1191 4516 1368 4574 commodior
1396 4517 1479 4574 nobis

425 4606 527 4674 egendi
542 4606 621 4662 locus
636 4608 690 4663 erit
706 4608 734 4663 in
749 4606 975 4664 Maniehaeorum
991 4609 1119 4666 historia.
