3817 5692
448 706 513 767 214
814 705 846 765 S.
863 704 1135 767 Arscsutxl

448 875 627 968 plurimos
644 884 683 945 et
698 875 878 967 apostolus
896 875 1029 945 Paulus
1045 886 1083 943 et
1100 877 1284 966 episcopus
1300 875 1504 967 Cyprianus

448 994 557 1061 etiam
575 993 671 1059 intus
686 1013 763 1060 esse
779 1000 969 1060 testantur.
1022 989 1097 1059 Cur
1112 1013 1197 1082 ergo
1214 992 1272 1058 isti
1289 991 1503 1082 baptizant?

450 1106 524 1175 Cur
548 1104 656 1173 etiam
683 1105 826 1194 quidam
853 1107 914 1195 qui
942 1105 1070 1174 mulo
1090 1104 1205 1173 verbis
1231 1114 1270 1173 et
1296 1127 1366 1173 uon
1394 1105 1504 1176 factis

450 1219 662 1299 renuntiant,
679 1218 725 1287 ab
742 1218 943 1309 hujusmodi
960 1217 1117 1286 moribus
1139 1239 1211 1284 nou
1234 1217 1363 1284 mutati
1382 1218 1506 1307 bapti·

450 1345 586 1415 eantur,
603 1344 642 1403 et
657 1335 797 1425 quaudo
813 1342 999 1402 mutantur
1014 1356 1085 1401 uon
1102 1332 1387 1423 rebaptizantur?
1413 1331 1503 1403 Jam

452 1473 534 1518 vero
554 1449 648 1539 quod
672 1449 876 1541 indignatur
900 1458 938 1517 et
964 1448 1061 1527 dicit,
1078 1446 1169 1517 Eece
1184 1445 1233 1515 ad
1247 1445 1363 1539 qualia
1378 1445 1505 1517 Eccle-

450 1564 505 1632 sio
522 1563 655 1657 sopitum
671 1563 871 1644 consentire,
889 1571 922 1631 et
942 1562 1019 1630 sine
1039 1560 1207 1654 baptismo
1223 1571 1255 1631 et
1276 1563 1373 1632 ocrim
1394 1560 1506 1632 delic-

451 1688 564 1748 torum
594 1678 844 1748 commonicare
872 1675 1106 1769 compellitur:
1144 1678 1208 1746 nisi
1239 1688 1357 1746 essent
1386 1680 1503 1747 ceteri

451 1790 605 1881 episcopi
623 1790 684 1880 qui
709 1788 796 1857 alios
822 1789 867 1857 ad
894 1790 962 1857 ista
988 1789 1251 1879 compellerent,
1275 1812 1346 1857 nou
1372 1791 1506 1881 utique

451 1905 526 1975 haee
559 1904 703 1973 diceret.
768 1903 874 1973 Unde
908 1905 1016 1973 etiam
1057 1904 1264 1985 ostenditur,
1298 1904 1377 1973 ilios
1412 1915 1506 1974 tune

452 2020 588 2087 veriora
603 2019 763 2101 sensisse,
780 2018 841 2107 qui
867 2040 938 2085 nou
964 2027 1182 2085 recesserunt
1206 2040 1228 2084 a
1249 2018 1396 2107 pristina
1416 2040 1507 2086 eon·

453 2131 651 2213 suetudine,
675 2154 751 2221 quae
780 2140 904 2222 postea
932 2128 1072 2198 concilii
1101 2129 1330 2198 universitate
1359 2130 1507 2200 firmata

453 2254 519 2314 est.
571 2245 666 2328 Quid
692 2255 748 2315 est
771 2255 892 2314 autem
919 2245 1013 2335 quod
1038 2245 1199 2336 adjungit
1215 2253 1252 2313 et
1270 2245 1366 2324 dicit,
1385 2243 1505 2333 Quom

453 2382 535 2441 rem,
542 2357 691 2453 scotres,
699 2357 827 2455 supere
844 2382 885 2429 oc
905 2360 1014 2429 nitore
1036 2356 1201 2441 debemus,
1217 2368 1250 2429 et
1270 2383 1293 2428 a
1315 2368 1409 2429 tonto
1430 2383 1506 2430 see-

453 2470 522 2542 lere
539 2495 599 2542 nos
616 2472 809 2566 separare?
845 2472 883 2543 Si
902 2473 997 2542 enim
1016 2472 1083 2541 hoc
1104 2474 1155 2542 ita
1171 2473 1267 2554 dicit,
1285 2484 1327 2543 ut
1342 2475 1411 2543 ista
1427 2497 1505 2544 uon

453 2587 560 2656 faeiat
576 2610 642 2657 nee
658 2588 839 2679 approbet,
857 2587 998 2657 uliares
1015 2596 1090 2656 est:
1115 2588 1144 2656 si
1165 2598 1286 2657 autem
1304 2598 1346 2657 ut
1363 2589 1506 2660 dicem

454 2703 646 2774 sentientes
664 2704 809 2771 damnet
825 2714 863 2772 et
880 2712 1052 2794 segreget,
1064 2697 1258 2793 “prioribus
1275 2704 1405 2772 resistit
1424 2727 1507 2773 ver·

453 2818 508 2887 bis
525 2817 700 2911 Cypriani,
724 2818 852 2908 quibus
880 2820 941 2900 ait,
959 2816 1138 2888 Neminem
1155 2817 1363 2908 judicantes,
1389 2828 1450 2888 out
1480 2845 1505 2890 a

443 2932 528 3023 jore
550 2931 798 3002 communionis
820 2929 967 3025 aliquem
993 2934 1027 3000 si
1050 2931 1220 3002 diversum
1246 2935 1389 3004 senserit
1404 2958 1505 3005 arno-

453 3055 573 3117 ventes.

293 3178 396 3244 0129.
510 3161 666 3247 (Primus
697 3160 799 3230 Felix
833 3185 855 3231 a
882 3162 1038 3255 Migirpa
1063 3164 1173 3232 dixit:
1207 3162 1336 3236 Censeo
1365 3186 1504 3233 omnem

453 3272 623 3345 hominem
641 3273 682 3345 ob
699 3273 824 3346 dieresi
840 3277 1024 3347 venientem
1042 3275 1296 3371 baptizandum.
1346 3276 1504 3347 Frustra

454 3391 544 3460 enim
562 3388 635 3460 illic
646 3400 747 3483 putot
766 3415 802 3460 sc
824 3414 894 3461 esse
910 3390 1129 3484 baptizatum,
1148 3415 1250 3485 quum
1269 3416 1337 3462 non
1354 3393 1400 3461 sit
1416 3390 1504 3484 bop-

453 3504 566 3587 tismo‚
586 3505 656 3575 nisi
678 3506 716 3574 in
733 3504 900 3589 Ecclesia,
917 3529 1023 3575 onum
1050 3516 1081 3576 et
1106 3530 1246 3577 omnm:
1274 3507 1356 3600 quio
1376 3514 1408 3575 et
1423 3503 1505 3576 Do-

454 3619 567 3688 minus
588 3644 685 3702 onus,
703 3629 735 3690 et
748 3618 842 3712 fides
866 3643 946 3702 uno,
964 3629 996 3689 et
1021 3644 1091 3689 ono
1108 3619 1263 3691 Ecclesia
1288 3629 1347 3702 est,
1366 3620 1404 3688 in
1429 3642 1503 3711 qno

451 3742 518 3803 stat
535 3758 641 3804 onom
658 3732 835 3828 baptismo,
852 3743 883 3804 et
900 3736 1075 3818 sanctitas,
1093 3744 1124 3805 et
1141 3744 1260 3805 cetero.
1308 3732 1402 3804 Nom
1421 3757 1505 3826 quoe

440 3847 541 3943 soris
557 3859 767 3932 coercentur,
785 3848 916 3919 crudum
933 3849 1055 3920 labent
1071 3849 1192 3920 solertis
1210 3849 1386 3945 effictum.)

501 3962 561 4033 Ad
589 3987 631 4033 ea
657 3988 738 4055 quae
757 3963 859 4035 Felix
882 3987 904 4034 a
926 3965 1083 4057 Migirpa
1108 3966 1210 4046 dixit,
1229 3966 1302 4034 haec
1328 3965 1502 4034 dicimus:

452 4077 577 4147 Sinon
596 4089 689 4148 esset
711 4079 887 4169 baptisma
908 4102 1019 4148 unum
1039 4089 1076 4147 et
1095 4101 1216 4147 verum
1235 4079 1300 4146 nisi
1318 4079 1353 4146 in
1373 4075 1504 4146 Eccle-

452 4192 512 4272 sia,
530 4215 600 4260 uon
619 4193 742 4283 utique
760 4202 853 4261 esset
871 4194 905 4260 in
924 4194 984 4271 eis,
1003 4194 1064 4281 qui
1081 4193 1126 4261 ab
1144 4194 1283 4261 unitate
1300 4189 1503 4261 discedunt.

453 4305 518 4375 Est
535 4317 655 4376 autem
680 4308 714 4376 in
733 4308 805 4388 eis3
830 4329 911 4375 nam
938 4307 973 4374 id
1001 4330 1068 4375 non
1096 4309 1271 4398 recipiunt
1297 4306 1503 4387 redeuntes,

450 4443 521 4488 non
551 4421 596 4488 ob
627 4420 722 4489 aliud
753 4422 820 4489 nisi
850 4421 933 4510 quia
962 4443 1031 4489 non
1062 4423 1252 4491 amiserunt
1282 4421 1502 4491 recedentes.

491 4578 506 4621 ἃ
522 4581 555 4636 ln
571 4579 659 4637 MSS.
675 4589 728 4643 est,
737 4582 821 4655 prior
832 4581 937 4635 resistit
951 4582 1051 4637 verbis.
1095 4582 1156 4652 (Sic
1171 4594 1199 4638 et
1214 4584 1242 4638 in
1258 4583 1338 4637 meis.
1360 4580 1448 4647 Quod
1464 4584 1505 4640 ad

451 4694 571 4750 sequeus
586 4677 754 4751 Suffragium
772 4677 883 4742 attinet,
898 4677 1035 4733 adnotant
1052 4679 1237 4740 Benedictini.
1253 4680 1350 4734 abesse
1370 4678 1447 4732 istud
1464 4682 1504 4739 ab
