3817 5692
498 686 562 751 116
721 686 974 748 ARCHELAI
1007 686 1070 747 ET
1103 685 1321 747 MANETIS

497 859 571 927 lum
590 859 686 941 facit,
703 867 766 927 aut
782 856 904 937 solem,
922 864 985 925 aut
1003 856 1192 937 bominem,
1210 865 1272 925 aut
1290 856 1462 939 animalia,
1476 868 1539 927 aut

497 970 658 1064 virgulta,
677 977 739 1039 aut
756 969 827 1039 tale
844 969 1001 1060 aliquid?
1027 970 1098 1038 Sed
1115 969 1170 1038 bis
1183 971 1325 1060 quidem
1346 970 1539 1041 visibilibus

496 1086 669 1177 perfectis,
687 1108 709 1154 a
726 1083 787 1154 tali
806 1107 910 1176 opere
928 1085 1150 1174 conquievit;
1178 1085 1388 1154 ninvisibilia
1408 1095 1537 1167 autem,

496 1208 534 1269 et
551 1200 759 1270 intrinsecus
776 1221 887 1289 usque
905 1200 1011 1267 modo
1028 1220 1184 1289 operans,
1203 1197 1325 1269 salvat.
1376 1199 1435 1269 Ita
1455 1223 1538 1293 ergo

496 1314 605 1382 etiarn
630 1334 906 1403 unumquenque
935 1320 1104 1392 nostrum,
1131 1314 1223 1382 sicut
1249 1313 1323 1403 ipse
1350 1311 1448 1382 Deus
1474 1323 1537 1394 est,

494 1426 734 1497 indesinenter
758 1427 840 1495 huic
866 1427 962 1518 operi
989 1424 1168 1517 legislator
1190 1425 1267 1494 vult
1297 1449 1372 1496 esse
1398 1429 1538 1498 devinc-

495 1532 592 1594 tum:
619 1548 640 1595 a
666 1524 881 1595 secularibus
904 1523 1010 1614 jubet
1037 1525 1196 1613 protinus
1219 1526 1474 1615 conquiescere,
1501 1537 1537 1596 et

494 1640 638 1709 omniuo
660 1639 798 1709 nullum
822 1661 909 1730 opus
931 1660 1053 1730 gerere
1082 1638 1310 1718 mundanum,
1329 1650 1367 1710 et
1389 1641 1457 1709 hoc
1477 1664 1537 1732 ap-

494 1754 646 1846 pellatur
662 1755 858 1824 sabbatum.
909 1751 1061 1822 Addidit
1080 1754 1187 1823 etiam
1206 1754 1325 1823 hocin
1344 1754 1432 1847 lege,
1450 1755 1536 1824 nihil

495 1870 707 1939 'absurdum
733 1869 806 1938 fieri
834 1869 973 1948 debere,
1002 1868 1063 1936 sed
1090 1868 1273 1937 observare
1299 1891 1371 1949 nos,
1395 1878 1432 1937 et
1455 1871 1537 1938 diri·

493 2005 577 2075 gere
595 1984 704 2051 vitam
722 1992 877 2052 nostram
895 2004 941 2049 ex
964 2004 1067 2072 aequo
1085 1990 1122 2049 et
1141 1982 1251 2072 justo.
1303 1981 1352 2051 Et
1375 1983 1536 2052 immine-

493 2097 649 2165 bathae
675 2096 746 2181 lex,
764 2097 935 2164 acerrime
960 2093 1188 2164 maledictum
1214 2096 1367 2165 inferens
1392 2096 1456 2179 bis,
1475 2100 1534 2188 qui

493 2232 572 2280 eam
586 2210 733 2279 fuissent
751 2210 975 2300 transgressi;
999 2208 1240 2299 sedquoniam
1258 2209 1417 2279 homines
1435 2220 1534 2280 erant

493 2334 531 2393 et
556 2323 618 2405 illi,
637 2333 674 2392 et
696 2325 789 2393 sicut
811 2323 919 2392 etiam
946 2323 1047 2392 nobis
1069 2322 1272 2413 frequenter
1297 2324 1433 2404 accidit,
1452 2348 1534 2394 cou-

493 2440 672 2509 troversiae
696 2437 907 2518 oriebantur,
925 2446 963 2506 et
988 2438 1232 2529 irrogabantur
1256 2438 1399 2528 injuriae,
1417 2447 1455 2506 et
1475 2438 1534 2507 lex

492 2555 612 2623 statim
642 2553 931 2623 districtissimam
959 2551 1162 2631 ⁰ultiouem,
1187 2574 1293 2641 quam
1318 2552 1458 2633 fecerat,
1480 2575 1534 2621 re·

491 2669 691 2759 torquebat,
709 2668 759 2735 ita
776 2677 817 2735 ut
840 2669 965 2757 siquis
991 2688 1182 2757 pauperum
1204 2665 1372 2735 voluisset
1394 2668 1431 2735 iu
1457 2666 1534 2736 sab·

492 2786 575 2853 bato
593 2783 722 2851 fascem
741 2781 827 2874 ligni
844 2781 1020 2873 colligere,
1039 2782 1104 2849 sub
1121 2780 1310 2850 maledicto
1328 2780 1415 2872 legis
1431 2780 1534 2850 effoc-

491 2906 559 2976 tus‚
586 2897 692 2965 morti
711 2897 878 2964 continuo
895 2895 1147 2985 subjiceretur:
1174 2894 1433 2964 'Arotabantur
1449 2917 1532 2986 ergo

490 3012 668 3079 co'e'rtione
691 3009 778 3101 legis
805 3010 976 3092 homines,
999 3009 1058 3097 qui
1085 3031 1165 3077 cum
1194 3008 1368 3100 AEgyptiis
1393 3008 1533 3077 fuerant

488 3125 637 3203 educati,
655 3146 721 3192 uec
747 3131 910 3214 poterant
933 3144 1053 3212 poenas
1071 3122 1170 3214 legis,
1187 3132 1224 3190 ct
1237 3122 1427 3192 maledictu
1445 3122 1533 3192 tole·

529 3379 545 3408 ¹¹
560 3368 722 3425 casinensis
736 3368 831 3431 babet,
847 3365 977 3423 invisibili
993 3374 1081 3421 mern
1098 3374 1124 3420 et
1138 3366 1278 3421 trinsecus.
1317 3363 1365 3421 Sic
1379 3364 1531 3438 legendum

487 3461 607 3524 ridetur,
628 3470 660 3517 ut
680 3461 787 3517 editum
810 3469 863 3524 est,
887 3460 932 3515 vel
952 3459 1099 3515 invisibilia
1123 3468 1210 3515 autern
1237 3459 1402 3515 intrinsecus.
1453 3458 1530 3513 Deus

487 3556 563 3611 euim
577 3566 609 3613 ut
623 3556 714 3630 inquit
733 3556 770 3613 D.
784 3554 962 3629 Augustinus
981 3555 1010 3610 iu
1023 3554 1096 3610 libro
1111 3555 1146 3610 de
1161 3553 1261 3610 Gratia
1275 3553 1383 3610 Christi
1403 3571 1465 3626 cap.
1484 3569 1530 3623 24.

487 3669 546 3707 non
561 3652 625 3725 lege
643 3661 728 3723 atque
742 3651 871 3707 doctrina
883 3650 1034 3706 insonante
1054 3650 1228 3713 forinsecus;
1251 3649 1302 3706 sed
1322 3650 1434 3705 interna
1447 3656 1531 3721 atque

485 3747 598 3803 occulta
611 3747 731 3804 mirabili
745 3765 778 3802 ac
791 3746 924 3803 ineffabili
940 3754 1082 3819 potestate
1096 3755 1228 3820 operatur
1239 3744 1268 3800 in
1283 3745 1415 3802 cordibus
1436 3743 1529 3800 homi-

487 3860 554 3897 num
576 3860 634 3898 nou
655 3843 747 3898 solum
761 3860 842 3898 veras
862 3842 1056 3905 revelationes,
1079 3841 1231 3897 sedetiam
1249 3840 1340 3897 bonas
1360 3840 1528 3896 voluntates.

488 3936 598 3994 Similia
610 3938 732 3993 inculcat
745 3946 805 3993 tum
825 3938 854 3992 in
875 3937 967 4010 eapite
982 3936 1091 3993 decimo
1105 3938 1190 3992 tertio
1204 3937 1330 4011 ejusdem
1352 3937 1454 4010 operis,
1469 3944 1529 3991 tum

488 4033 553 4089 alibi
568 4033 680 4106 passim.

529 4136 544 4167 ⁰
559 4127 594 4183 lu
608 4128 755 4184 Casinensi
770 4128 876 4193 codice,
891 4126 1018 4183 ultionem
1023 4126 1134 4200 secerni
1148 4127 1329 4202 retorquebat.
1360 4127 1419 4184 Sed
1431 4145 1529 4183 neces-

488 4223 561 4279 saria
584 4223 645 4279 visa
666 4233 709 4280 est
736 4224 845 4280 relativi
868 4223 977 4280 articuli
1000 4223 1115 4288 additio,
1137 4242 1173 4279 ne
1196 4241 1296 4280 sensus
1318 4223 1376 4279 ulla
1395 4241 1432 4278 ex
1451 4234 1530 4296 parte

488 4325 611 4372 nutaret.
656 4319 723 4388 (An,
740 4318 865 4373 ultionem
870 4317 945 4389 feeit
961 4319 1112 4391 retorqueri
1121 4319 1149 4389 Ρ)

530 4464 536 4487 ¹
556 4460 695 4532 [”Ατοπον,
703 4462 901 4532 facinorosam,
909 4461 1088 4534 flagitiosum,
1103 4461 1255 4517 absurdum.
1292 4460 1402 4516 Glossoe
1417 4459 1499 4532 Vet]

891 4562 899 4585 ¹
915 4557 1004 4612 Num.
1021 4576 1066 4612 xv.
1077 4576 1124 4630 32.
