3817 5692
641 676 883 739 RESPONSA
911 676 975 737 Au
999 674 1263 738 EPISCOPOS.
1410 676 1474 737 245

478 847 659 939 Eugenius
685 847 729 917 ab
753 846 969 917 Ammedera
994 846 1106 915 dixitt
1133 843 1183 915 Et
1208 867 1267 942 spo
1294 842 1357 915 doc
1383 844 1546 914 idcmcrs.
1561 876 1600 925 39.

427 986 553 1045 cesses,
569 959 746 1033 saereticos
762 958 985 1055 baptizandos
1001 984 1082 1032 csse.

478 1076 574 1147 Huic
597 1078 848 1169 respondetur:
876 1075 948 1146 Sed
975 1100 1044 1145 nou
1071 1077 1138 1146 hoc
1164 1087 1285 1147 censet
1303 1076 1473 1159 Ecclesia,

425 1196 481 1263 cui
502 1194 601 1263 Deus
610 1193 686 1284 jsm
706 1191 861 1283 plenario
879 1192 988 1261 etiam
1008 1191 1158 1261 concilio
1182 1191 1361 1273 revelavit,
1379 1193 1471 1283 quod

426 1318 512 1379 tunc
542 1308 657 1378 adhuc
688 1307 792 1377 aliter
821 1308 965 1398 quidem
996 1307 1205 1398 sapiebatis;
1232 1308 1293 1378 sed
1325 1309 1406 1398 quis
1437 1307 1617 1387 incursus

427 1423 525 1493 vobis
542 1428 668 1494 caritas
684 1423 780 1492 salva
797 1433 882 1500 erat.
900 1423 935 1491 in
956 1423 1094 1492 unitate
1111 1424 1381 1514 permanebatis.
1485 1403 1523 1451 ¹⁵'

477 1537 570 1608 Item
594 1538 683 1607 alius
702 1537 805 1607 Felix
828 1536 873 1606 ab
891 1535 1091 1607 Amaccurs
1114 1538 1224 1607 dixit:
1251 1536 1301 1608 Et
1326 1537 1399 1632 ipse
1422 1561 1474 1609 se·
1484 1553 1549 1602 cir.
1560 1567 1601 1614 40.

427 1660 523 1722 cuius
540 1650 740 1722 divisarum
752 1650 1018 1744 Scripturarum
1036 1653 1285 1734 auctoritatem,
1298 1650 1475 1724 doersiicos

426 1764 649 1860 baptizandos
666 1790 736 1836 esse
753 1788 890 1845 cessem
915 1764 977 1835 scd
992 1775 1095 1836 eicos
1119 1766 1180 1859 psi
1202 1790 1238 1838 sc
1259 1767 1354 1861 apud
1368 1766 1476 1838 sciris-

428 1882 568 1953 maiicos
591 1879 779 1976 baptizatus
805 1904 875 1950 esse
899 1880 1116 1952 contendunt.
1167 1880 1213 1953 Si
1241 1883 1333 1953 enim
1358 1907 1476 1954 sccun-

426 1996 508 2067 dum
529 2006 665 2068 cautum
686 1995 832 2078 Christi,
853 1996 1012 2091 piscius
1026 1994 1117 2090 som
1141 2007 1255 2069 noster
1275 2007 1332 2081 cst,
1352 1997 1477 2070 intedi-

422 2121 509 2209 pani
529 2113 642 2184 cuncti
657 2111 825 2184 Ecclesiae
847 2121 975 2183 posim
997 2112 1202 2196 adversam,
1220 2115 1304 2209 quic
1320 2113 1477 2185 ”alimus

426 2251 497 2299 csse
523 2251 592 2299 noa
616 2236 735 2321 potest,
754 2251 815 2299 uec
836 2226 966 2298 duodus
985 2226 1127 2322 populis
1148 2227 1333 2300 suluwrcm
1351 2253 1476 2325 aquam

429 2341 578 2414 tribum
602 2351 714 2436 potest
740 2340 797 2412 ills
817 2344 878 2437 qui
905 2343 1009 2412 unius
1033 2345 1151 2440 prepis
1174 2353 1296 2438 pastor
1318 2353 1376 2415 ssi.
1427 2344 1478 2417 Ee

428 2456 504 2528 idco
529 2455 748 2552 manifestum
776 2466 834 2538 cst,
859 2480 920 2528 nec
948 2454 1126 2529 doercticos
1156 2482 1216 2530 nec
1244 2457 1476 2531 schismaticos

426 2570 562 2666 aliquid
576 2570 706 2642 caelesis
721 2573 903 2664 suscipere,
921 2570 983 2665 qui
1009 2594 1031 2640 a
1048 2572 1267 2665 peccantibus
1283 2572 1477 2645 dominibus

427 2697 459 2758 ct
487 2684 529 2757 ab
558 2684 715 2757 Ecclesia
744 2687 920 2756 scircncis
954 2684 1082 2756 audent
1115 2689 1277 2781 accipere.
1330 2686 1477 2777 Quando

427 2802 526 2873 danii
542 2801 636 2873 locus
654 2825 723 2872 nors
741 2811 800 2883 ssi,
817 2803 935 2897 utique
951 2825 1013 2871 sec
1029 2802 1214 2896 accipienti
1223 2803 1375 2898 prodest.

479 2918 576 2988 Huic
590 2920 829 3009 respondetur,
844 2917 1044 3010 Scripturas
1057 2919 1193 2989 divinas
1206 2942 1377 3012 nusquam
1392 2943 1478 3012 prae·

428 3036 571 3125 cepisse,
590 3044 630 3103 ut
656 3033 814 3103 haeretici
841 3035 934 3125 apud
962 3033 1148 3106 haereticos
1170 3035 1339 3128 baptizati
1360 3037 1477 3106 denuo

429 3151 670 3241 baptizentur3
698 3150 759 3218 sed
782 3147 904 3218 multis
925 3148 1012 3220 locis
1029 3152 1233 3232 ostendisse,
1251 3151 1384 3222 alienos
1401 3175 1477 3222 esse

428 3266 473 3335 ab
491 3265 662 3346 Ecclesia,
683 3287 806 3334 omnes
831 3265 892 3355 qui
923 3287 995 3334 non
1025 3277 1108 3336 sunt
1138 3268 1174 3335 in
1205 3278 1314 3359 petra,
1340 3290 1407 3336 nec
1432 3268 1477 3337 sd

428 3381 602 3451 columba
624 3381 719 3449 illius
741 3380 902 3449 membra
929 3382 1130 3472 pertineam
1154 3392 1191 3452 et
1215 3391 1335 3453 temen
1364 3383 1478 3477 bapti·

427 3521 506 3568 zare
524 3507 561 3567 et
579 3496 759 3587 baptizari,
777 3504 816 3566 et
838 3495 970 3567 habere
993 3499 1069 3566 sine
1086 3497 1201 3568 salute
1218 3508 1477 3568 sacramentum

426 3612 559 3682 salutis.
613 3612 708 3681 Fons
742 3621 863 3682 autern
898 3622 1019 3682 noster
1052 3614 1114 3703 qui
1148 3614 1272 3683 similis
1301 3624 1356 3683 est
1386 3615 1477 3684 fonti
1544 3659 1546 3664 .

428 3726 586 3817 paradisi,
604 3726 698 3815 quod
722 3726 830 3796 etiarn
856 3727 948 3796 sicut
974 3726 1035 3797 ille
1058 3737 1160 3798 extra
1181 3727 1380 3818 paradisum
1398 3751 1478 3819 pro—

426 3838 522 3918 fluat,
530 3841 607 3929 jam
624 3841 710 3907 satis
728 3839 952 3910 dictumest:
979 3840 1121 3934 siquod
1136 3839 1266 3911 duodus
1279 3839 1428 3935 populis,
1440 3844 1476 3912 id

426 3963 489 4032 est,
513 3974 577 4020 suo
602 3961 639 4020 et
666 3961 846 4032 extraneo,
869 3951 1053 4024 salutarem
1080 3978 1204 4050 apuam
1233 3953 1383 4025 tribuere
1407 3978 1477 4026 non

424 4075 532 4160 potest
549 4064 607 4135 illc
630 4067 691 4159 qui
714 4067 819 4136 arrius
839 4068 956 4164 prepis
976 4079 1099 4162 pastor
1114 4079 1173 4152 est,
1191 4071 1347 4141 concedo
1369 4079 1475 4162 atque

427 4182 620 4251 consentio.
673 4181 745 4252 Sed
762 4183 933 4274 numquid
958 4184 1042 4275 quis
1064 4184 1226 4256 salutaris
1248 4209 1319 4256 non
1343 4196 1397 4257 est
1415 4208 1477 4256 ex·

427 4298 567 4374 transis.
584 4298 664 4367 ideo
682 4297 757 4388 ipsa
778 4320 847 4367 uon
867 4298 948 4368 esti
991 4300 1099 4390 Aqua
1124 4301 1219 4370 enim
1243 4300 1366 4370 diluvii
1391 4322 1475 4369 con·

467 4510 483 4539 ¹¹
498 4503 563 4555 Am.
583 4509 612 4556 et
626 4501 675 4556 Er.
691 4501 797 4557 alienis.
841 4502 937 4559 Editio
952 4503 1040 4578 Cypr.
1059 4503 1142 4559 alieni
1162 4513 1234 4560 sunt.
1278 4501 1349 4574 (Sed
1370 4502 1477 4558 aliem

425 4616 483 4652 csse
497 4604 648 4670 conpotes!
663 4597 796 4671 Cypriani
811 4598 898 4655 editio
913 4599 1066 4656 Baluzisns
1080 4602 1220 4672 praestat.)
