3817 5692
800 716 1110 780 DISPUTATIO.
1436 716 1478 777 43

431 887 657 981 pitolissimus
678 886 872 960 Marcellus
897 889 1122 970 instruxerat
1140 910 1221 958 cum
1248 910 1269 957 a
1294 888 1479 958 serratori-

432 1003 497 1074 bus
522 1003 755 1095 hospitiorum
782 1004 1068 1095 interrogaretur,
1085 1004 1192 1085 unde,
1209 1011 1247 1072 et
1266 1002 1355 1093 quis,
1374 1002 1430 1073 vel
1457 1026 1479 1073 a

431 1140 502 1208 quo
532 1118 658 1187 missus
684 1125 787 1199 esset,
814 1117 942 1197 aiebat,
967 1139 1045 1187 sum
1072 1117 1215 1208 quidem
1241 1128 1257 1160 ⁰
1272 1114 1478 1208 Mesopota·

430 1231 571 1313 mensis,
597 1230 643 1300 de
667 1229 813 1300 Persida
837 1239 959 1300 autem
985 1230 1100 1312 venio,
1130 1253 1152 1300 a
1178 1230 1379 1300 Manichaeo
1403 1252 1477 1299 ma·

429 1346 540 1438 gistro
558 1343 839 1416 Christianorum
856 1345 992 1415 missus.
1044 1342 1099 1412 At
1125 1342 1176 1412 illi
1199 1342 1384 1436 riguetum
1410 1344 1476 1414 sihi

430 1482 560 1529 nornen
585 1481 657 1529 non
683 1458 836 1530 libenter
860 1458 1026 1551 amplexi,
1044 1458 1246 1529 'lhrbonem
1268 1460 1376 1529 etiam
1394 1459 1479 1551 ipsis

429 1574 591 1666 hospitiis
608 1573 856 1656 detrudebant,
874 1596 919 1643 ne
937 1595 1037 1665 squoe
1054 1573 1198 1664 quidem
1221 1573 1331 1665 ipsius
1356 1573 1401 1643 ad
1426 1574 1479 1643 bi-

430 1688 586 1759 bendum
604 1688 775 1760 facultate
792 1710 976 1771 concessa3
1003 1711 1082 1780 quae
1106 1710 1188 1758 cnm
1205 1687 1346 1782 singula
1363 1690 1479 1780 quoti-

428 1803 497 1885 die,
514 1812 623 1895 atque
647 1804 775 1873 horum
800 1805 970 1895 nequiora
986 1802 1160 1895 perferret
1182 1804 1227 1874 ab
1244 1804 1311 1886 his,
1328 1805 1390 1896 qui
1416 1829 1479 1897 per

428 1916 567 2010 singula
591 1917 670 1989 loca
698 1917 948 1999 mansionibus,
974 1928 1083 2009 atque
1108 1917 1270 2010 hospitiis
1294 1929 1477 2011 praeerant,

429 2033 495 2102 nisi
512 2033 557 2103 ad
574 2032 744 2104 ultimum
764 2032 938 2103 Marcello
965 2056 1003 2104 se
1028 2041 1168 2124 portare
1187 2032 1305 2105 literas
1329 2036 1479 2106 indicas·

428 2154 495 2229 set,
512 2146 718 2239 peregrinus
735 2144 854 2217 Turbo
871 2148 995 2217 mortis
1011 2146 1216 2239 pertulisset
1233 2148 1353 2220 exitia.

478 2259 527 2333 V.
553 2259 733 2353 Acceptas
757 2262 866 2355 igitur
892 2260 1087 2332 Marcellus
1113 2260 1232 2332 literas
1259 2262 1414 2344 resolvit,
1435 2284 1477 2332 ac

428 2375 525 2469 legit,
550 2384 723 2468 praesente
741 2374 919 2447 Archelao
945 2377 1100 2448 civitatis
1125 2378 1300 2470 episcopo,
1326 2399 1475 2469 quarum

429 2490 633 2582 exemplum
652 2490 720 2561 hoo
737 2499 801 2561 est.

350 2750 352 2753 .
429 2687 631 2787 Μανιχαῖος
659 2684 867 2767 ἀπόστολος
896 2688 1020 2783 Ἰησοῦ
1053 2688 1229 2783 Χριστοῦ,
1253 2686 1312 2761 καὶ
1342 2690 1376 2763 οἱ
1404 2684 1476 2765 σῦν

483 2811 560 2907 ἐμοὶ
577 2807 707 2893 πάντες
725 2806 831 2911 ἅγιοι,
851 2811 910 2887 καὶ
926 2808 1107 2909 παρθένοι,
1128 2808 1340 2914 Μαρκέλλῳ
1364 2809 1475 2919 τέκνῳ

483 2937 668 3043 ἀγαπητῷ,
694 2934 807 3040 χάρις,
833 2935 943 3032 ἕλεος,
972 2932 1091 3037 εἰρήνη
1115 2934 1187 3013 ἀπὸ
1217 2939 1313 3013 Θεοῦ
1339 2934 1476 3039 πατρὸς

483 3064 541 3140 καὶ
561 3062 696 3161 Κυρίου
714 3061 815 3161 ἡμῶν
832 3064 958 3160 Ἰησοῦ
975 3065 1153 3161 Χριστοῦ,
1171 3062 1230 3137 καὶ
1247 3060 1269 3157 ἡ
1289 3057 1388 3165 δεξιὰ
1412 3068 1476 3139 τοῦ

427 3350 646 3415 οΜαοὶολσιιι
671 3350 829 3451 Apostolus
856 3350 931 3414 Jcse
1011 3349 1127 3434 protis
1143 3347 1361 3426 misericordie,
1371 3371 1441 3434 poe
1453 3371 1475 3414 α

473 3436 599 3513 Christi,
613 3446 641 3500 ct
654 3457 708 3521 ραι
729 3457 842 3500 messem
862 3443 932 3500 suot
1017 3436 1083 3497 Deo
1097 3443 1199 3519 patro,
1222 3443 1250 3497 ct
1270 3434 1402 3499 Domino
1423 3457 1474 3499 ιιο-

469 3542 566 3585 munes
589 3521 697 3598 murti,
728 3527 758 3584 ct
788 3521 930 3621 oirpinoe,
1015 3529 1076 3583 stro
1097 3519 1173 3583 Jese
1196 3518 1326 3595 Christo,
1352 3529 1381 3584 et
1405 3520 1474 3584 dse-

470 3605 623 3671 Morcello
656 3605 728 3689 filio
775 3606 932 3670 corosimo
1015 3613 1081 3668 tera
1111 3602 1187 3667 lucis
1217 3614 1361 3668 οοιιιονοοι
1397 3614 1424 3669 tc
1453 3626 1475 3670 α

425 3862 570 3921 tianornm
589 3864 777 3922 imitationem
792 3863 946 3921 diversoria
957 3871 986 3921 et
999 3862 1123 3936 hospitia
1136 3880 1186 3935 per
1200 3862 1298 3933 orbem
1313 3862 1474 3921 Romanum

427 3957 559 4015 edificari
580 3959 730 4016 mundssse
750 3966 880 4021 testatur,
894 3965 927 4014 ut
938 3956 1096 4014 Gentilium
1117 3949 1364 4030 superstitionibus
1382 3959 1472 4034 majo-

426 4072 487 4111 rem
500 4054 624 4124 laudem,
638 4054 906 4128 venerationemque
919 4052 1093 4109 conciliaret.
1126 4051 1200 4108 Vide
1214 4051 1295 4126 plura
1308 4054 1383 4127 apud
1393 4054 1472 4110 Prio-

427 4152 499 4208 rium
523 4151 560 4208 de
583 4150 688 4208 Literis
708 4150 861 4208 canonicis
882 4168 945 4224 cap.
965 4161 992 4225 5.
1015 4157 1045 4206 et
1065 4167 1145 4223 seqq.
1165 4157 1195 4205 et
1212 4148 1418 4206 Thomosinum
1438 4151 1475 4210 de

426 4245 552 4306 Tesseris
566 4247 768 4322 hospitalitatis
781 4265 843 4322 cap.
858 4246 904 4303 26.

467 4352 483 4385 0
497 4344 598 4401 Codex
612 4344 683 4401 Bob.
697 4345 942 4421 Mesopotamenos.
1034 4354 1049 4401 Ρ
1064 4342 1165 4399 Codex
1179 4342 1253 4398 Bob.
1268 4343 1430 4417 ι’ρπονιιιιοα.

467 4451 483 4494 s
505 4440 589 4497 Hunc
611 4440 761 4517 epistolam
785 4460 850 4498 oum
870 4439 1000 4498 Marcelli
1019 4438 1203 4514 responsione
1223 4438 1366 4513 integram
1387 4439 1474 4499 refert

427 4536 602 4611 Epiphanius
615 4538 645 4595 in
662 4537 889 4597 Msnichaeorum
910 4536 1012 4594 heresi
1026 4555 1055 4593 n.
1068 4536 1097 4593 6.
1112 4554 1149 4593 ex
1164 4553 1220 4610 qno
1233 4552 1328 4609 greco
1340 4533 1473 4615 desump-

426 4628 525 4691 sunus.

927 4751 946 4790 G
964 4746 981 4793 2
