3817 5692
429 681 493 745 186
647 678 900 743 ARCHELAI
933 677 997 738 ET
1029 672 1248 737 MANETIS

428 863 507 924 tum
526 853 745 933 desiderant3
772 874 852 942 quae
871 849 989 918 omnia
1005 847 1096 917 bene
1114 846 1223 926 nobis,
1238 854 1275 915 et
1292 854 1388 914 recte
1404 844 1474 914 dis-

429 971 552 1061 posita,
571 990 683 1058 usque
700 968 737 1035 in
754 965 974 1045 hodiernum,
992 970 1126 1032 statum
1141 983 1244 1030 suum
1258 960 1473 1042 custodiunt,

429 1094 467 1154 et
484 1091 668 1176 permanet
684 1080 778 1173 apud
796 1102 859 1149 nos
877 1079 982 1170 hujus
998 1077 1128 1170 regulae
1145 1075 1337 1168 disciplina
1366 1074 1475 1144 Istius

429 1222 524 1280 vero,
542 1200 602 1290 qui
629 1220 723 1266 nunc
747 1195 849 1265 nobis
875 1218 920 1264 ex
948 1194 1133 1263 Persarum
1154 1194 1333 1284 provincia
1349 1190 1476 1261 ebulli-

430 1313 492 1392 vit,
511 1309 638 1380 Manes
663 1310 817 1394 nomine,
834 1309 1020 1378 adversum
1038 1331 1144 1400 quem
1169 1306 1255 1376 mihi
1282 1306 1475 1398 disputatio

422 1425 500 1515 jam
518 1423 673 1493 secundo
690 1433 869 1492 commota
886 1431 951 1503 est,
969 1444 1081 1515 genua
1098 1420 1198 1489 vobis
1215 1420 1342 1501 dicam,
1360 1427 1397 1488 et
1422 1426 1477 1486 to-

429 1549 529 1621 tum;
554 1539 616 1608 sed
642 1548 680 1607 et
706 1538 865 1607 doctrina
891 1540 968 1629 ejus
998 1537 1092 1605 unde
1118 1536 1309 1605 descendat
1335 1533 1477 1603 lucidis·

428 1655 518 1724 sime
535 1652 795 1723 demonstrabo,
848 1652 922 1722 Iste
948 1673 1018 1720 non
1037 1658 1091 1720 est
1114 1650 1247 1741 primus
1271 1656 1395 1716 auctor
1411 1645 1477 1715 hu·

423 1769 623 1858 juscemodi
642 1767 820 1849 doctrinae,
837 1789 903 1836 nec
929 1765 1043 1847 solus;
1069 1765 1131 1834 sed
1153 1763 1295 1855 quidam
1318 1784 1363 1830 ex
1391 1760 1476 1853 scy-

429 1883 515 1966 thia,
533 1878 762 1975 'scythianus
779 1882 934 1963 nomine,
953 1880 1207 1972 Apostolorum
1225 1887 1385 1968 tempore
1407 1875 1477 1944 fuit

430 2007 539 2068 sectae
564 1997 669 2087 hujus
694 2005 818 2066 auctor
842 2004 880 2064 et
905 1995 1078 2086 princeps,
1096 1996 1188 2064 sicut
1210 2002 1248 2062 et
1270 1993 1414 2061 fuerunt
1440 2000 1479 2059 et

430 2112 537 2181 multi
554 2110 614 2180 alii
631 2119 810 2202 apostatae,
828 2111 888 2201 qui
907 2112 1079 2201 primatus
1096 2110 1161 2179 sibi
1180 2108 1357 2178 vindicare
1381 2108 1478 2198 cupi-

431 2234 542 2306 entes,
568 2224 690 2295 mfalsa
716 2247 780 2316 pro
808 2226 899 2294 veris
929 2226 1218 2316 conscripserunt,
1249 2223 1478 2315 simpliciores

430 2364 588 2434 quosque
604 2339 649 2411 ad
666 2340 963 2411 suamlibidinem
980 2349 1231 2433 pervertentes,
1249 2362 1398 2431 quorum
1415 2361 1479 2407 no-

430 2458 538 2540 mina,
556 2465 593 2526 et
610 2456 772 2548 perfidias
790 2456 906 2527 dicere
923 2480 1017 2527 nunc
1034 2465 1176 2548 tempus
1193 2479 1264 2525 non
1280 2456 1374 2525 sinit.
1406 2453 1478 2523 Hic

433 2594 518 2665 ergo
545 2570 758 2664 Scythianus
784 2570 993 2641 dualitatem
1018 2572 1122 2641 istam
1152 2570 1372 2639 nintroducit
1397 2591 1480 2638 con-

432 2687 575 2755 trariam
593 2686 671 2768 sibi,
688 2686 782 2776 quod
799 2686 875 2777 ipse
893 2708 915 2755 a
932 2684 1134 2777 Pythagora
1152 2685 1315 2775 suscepit,
1333 2684 1424 2753 sicut
1441 2692 1480 2751 et

432 2800 493 2870 alii
511 2822 634 2871 omnes
651 2800 756 2891 hujus
773 2801 949 2893 dogmatis
966 2809 1165 2882 sectatores,
1179 2800 1240 2891 qui
1260 2821 1382 2869 omnes
1394 2799 1481 2867 dua·

472 2985 482 3029 ¹
503 2988 561 3056 Qui
578 2988 745 3063 Scythicam
758 2988 833 3064 apud
848 3007 947 3045 omues
968 2988 1038 3045 alios
1052 2997 1171 3053 veteres,
1185 2987 1233 3061 qui
1254 2987 1289 3044 de
1303 2986 1479 3043 Manichac-

431 3104 494 3141 rum
508 3086 609 3143 haeresi
623 3093 790 3149 tractarunt,
806 3086 971 3159 appellatur,
981 3095 1040 3142 tam
1054 3086 1110 3153 hic,
1124 3104 1209 3159 quam
1223 3084 1252 3140 in
1266 3084 1448 3159 sequentibus
1464 3103 1481 3139 a

430 3182 520 3238 veteri
543 3182 705 3258 interprete,
727 3182 884 3247 Scatiartus,
906 3192 936 3239 et
957 3183 1127 3239 Excutiam
1150 3189 1274 3245 vocatur,
1296 3180 1352 3237 nisi
1376 3181 1480 3255 ubique

431 3277 553 3351 imperiti
575 3279 681 3335 librarii
700 3280 738 3336 sit
751 3298 839 3336 error.
877 3279 1018 3352 (Addidit,
1034 3299 1096 3354 quas
1115 3287 1280 3353 sequuntur,
1295 3278 1331 3335 ad
1347 3278 1479 3336 Collecta-

308 3420 312 3427 .
432 3393 541 3430 scoram
562 3394 677 3432 suorum
699 3376 804 3433 calcem
827 3377 1009 3452 Zacagnius.)
1045 3377 1119 3432 Cum
1140 3385 1206 3451 post
1224 3376 1328 3432 editam
1348 3375 1481 3432 Archelai

433 3470 654 3544 disputationem
678 3472 753 3528 inter
775 3471 1097 3547 Regio-Alexandrinos
1120 3473 1275 3529 Vaticanus
1302 3472 1481 3529 bibliothecae

433 3566 546 3623 codices
569 3568 736 3642 reperissem
764 3569 960 3643 apographum
985 3569 1132 3645 cujusdam
1156 3568 1261 3626 vetusti
1285 3569 1410 3635 Codicis,
1433 3569 1481 3643 qui

433 3663 500 3719 olim
521 3664 556 3720 ad
574 3664 783 3721 Monasterium
798 3664 829 3721 S.
844 3665 942 3730 Salvii,
960 3667 1157 3723 Ambianensis
1174 3667 1307 3741 Episcopi
1325 3675 1354 3723 et
1367 3666 1479 3741 Marty-

432 3760 480 3824 ris,
501 3761 646 3834 pertinuit,
663 3771 693 3818 ct
709 3762 738 3818 in
753 3781 787 3818 eo
804 3762 901 3820 codice
918 3782 975 3820 una
988 3783 1053 3820 cum
1069 3763 1100 3819 S.
1115 3764 1269 3839 Augustini
1284 3763 1480 3820 Comminato-

433 3856 477 3912 rio
492 3858 626 3914 adversus
645 3858 822 3915 Manichacus
835 3859 909 3915 inter
923 3860 1049 3936 ejusdem
1063 3860 1197 3935 epistolas
1210 3860 1296 3924 edito,
1310 3860 1482 3916 haberentur

433 3963 569 4027 excerpta
583 3955 711 4028 quaedam
726 3974 763 4011 ex
776 3956 848 4012 actis
862 3957 1071 4031 Disputatiouis
1086 3957 1219 4014 Archelai
1232 3976 1250 4013 a
1263 3975 1325 4031 cap.
1336 3976 1376 4013 ar.
1392 3976 1481 4031 usquc

433 4047 470 4104 ad
484 4068 545 4123 cap.
561 4068 606 4105 av.
619 4068 712 4124 operae
726 4052 848 4125 pretium
861 4054 958 4109 censui
972 4054 1064 4109 varias
1079 4073 1113 4110 ex
1130 4053 1231 4110 eodem
1245 4054 1411 4128 apographo
1424 4054 1480 4110 lec·

433 4145 527 4201 tiones
547 4146 640 4213 edere,
663 4166 727 4203 cum
748 4147 873 4222 ipsorum
890 4169 943 4225 ope
959 4150 1088 4224 quaedam
1104 4151 1235 4207 Archelai
1253 4152 1316 4208 loca
1328 4152 1481 4207 restituan-

433 4248 489 4298 tur.
526 4240 640 4304 Quidam
663 4243 806 4301 Statium
826 4248 939 4311 nomiae,
960 4249 1007 4321 qui
1027 4249 1229 4323 Apostolorum,
1245 4257 1298 4305 cet.
1340 4247 1389 4305 Sic
1409 4247 1483 4304 infra

435 4356 547 4413 semper
560 4339 717 4397 Stationem
730 4350 824 4398 vocat.

477 4446 501 4476 ¹³¹
515 4435 587 4492 Cod.
602 4436 710 4511 Regius
724 4439 806 4495 Alex.
822 4440 889 4495 Vat.
897 4441 979 4513 salsa
988 4460 1044 4515 pro
1057 4444 1130 4499 veris
1144 4443 1339 4516 confimat.

478 4543 493 4574 ¹¹
509 4531 609 4589 Codex
621 4533 696 4590 idem
712 4535 778 4591 Vat.
794 4536 952 4596 introducit.
