3817 5692
423 704 467 763 aa
643 697 893 762 ARCHELAI
928 696 993 758 ET
1025 693 1244 757 MANE'IIS

427 868 651 942 Marcellum.
678 867 1472 956 Praesumebatenimuniversamseoccupare

424 1007 527 1079 posse
551 983 780 1075 provinciam,
798 983 825 1051 si
852 982 948 1073 prius
969 980 1078 1050 talem
1097 980 1211 1048 virum
1228 978 1370 1049 sibimet
1388 977 1471 1048 sub·

425 1101 510 1170 dere
540 1097 734 1189 potuisset3
760 1098 796 1165 in
825 1119 896 1187 quo
927 1095 1058 1186 duplici
1089 1095 1305 1187 cogitatione
1335 1095 1474 1163 animus

425 1213 607 1293 aestuabat,
624 1219 830 1281 utrumnam
847 1212 923 1303 ipse
940 1210 985 1280 ad
1003 1231 1086 1280 eum
1111 1217 1287 1302 pergeret,
1305 1232 1350 1279 an
1378 1208 1475 1278 litte·

425 1330 472 1400 ris
497 1349 580 1398 eum
605 1326 719 1417 primo
736 1333 894 1396 tentaret
918 1325 1067 1406 adoriri;
1093 1323 1282 1394 verebatur
1302 1323 1409 1405 enim,
1427 1346 1473 1393 ne

426 1444 518 1513 forte
545 1439 734 1531 improviso
760 1448 798 1509 et
819 1438 938 1509 subito
968 1439 1127 1531 ingressu
1159 1437 1293 1507 malum
1320 1438 1386 1508 sibi
1411 1436 1474 1507 ali·

426 1558 521 1650 quod
546 1561 769 1635 nasceretur3
796 1555 839 1624 ad
866 1553 1033 1624 ultimum
1052 1553 1303 1624 versutioribus
1321 1552 1474 1623 consiliis

426 1693 562 1765 pareus,
581 1669 733 1740 seribere
751 1669 927 1739 decrevit:
953 1668 1178 1760 accitumque
1203 1692 1314 1738 unum
1333 1691 1380 1737 ex
1405 1668 1474 1737 dis-

427 1785 566 1879 cipulis,
582 1780 816 1856 kTurbonem
843 1786 997 1867 nomine,
1016 1786 1078 1876 qui
1102 1808 1167 1877 per
1189 1782 1332 1855 Addam
1359 1785 1475 1853 fuerat

427 1903 633 1983 instructus,
660 1899 791 1970 tradita
814 1899 973 1992 epistola,
999 1899 1097 1970 abire
1115 1901 1234 1990 jubet,
1254 1923 1296 1971 ac
1321 1899 1475 1991 perferre

429 2011 625 2092 Marcello;
650 2005 797 2102 lquique
822 2024 1006 2104 acceptam
1023 2034 1101 2083 eam
1129 2012 1222 2095 huic,
1240 2012 1297 2083 cui
1323 2034 1345 2081 a
1365 2011 1474 2081 Mane

428 2126 544 2198 fuerat
561 2134 789 2218 praeceptum,
807 2126 964 2217 pertulit,
979 2127 1075 2196 omni
1092 2128 1218 2198 itinere
1236 2129 1359 2199 diebus
1372 2128 1475 2218 quin·

429 2266 498 2336 que
515 2251 702 2314 transacto.
746 2241 875 2313 Veloci
892 2245 1026 2314 etenim
1046 2267 1128 2315 usus
1145 2253 1200 2315 est
1217 2267 1332 2327 cursu,
1350 2244 1386 2313 in
1404 2266 1475 2334 quo

383 2355 386 2360 ’
428 2357 620 2450 plurimum
654 2357 876 2450 supradictus
906 2356 1029 2429 Turbo
1063 2356 1202 2441 laboris,
1232 2368 1271 2428 et
1301 2356 1475 2428 molestiae

430 2472 597 2564 pertulit:
629 2474 657 2543 si
688 2475 828 2564 quaudo
862 2474 958 2543 euim
993 2473 1137 2544 mveluti
1171 2474 1397 2567 peregrinans
1430 2473 1475 2541 ad

429 2589 622 2681 hospitium
650 2591 873 2681 pervenisset,
892 2599 995 2680 nquae
1021 2590 1164 2680 quidem
1184 2590 1372 2661 diversoria
1397 2588 1477 2657 hos-

471 2830 488 2875 ἱ
510 2834 610 2890 Codex
629 2834 779 2891 Bobieusis
799 2833 879 2908 legit,
901 2834 983 2890 Addo
1003 2833 1158 2891 Ihrbonent
1203 2834 1268 2891 Fuit
1284 2843 1380 2891 autem
1394 2833 1478 2890 Adde

431 2949 504 2987 uuus
525 2949 560 2986 ex
582 2928 725 3005 discipulis
745 2929 812 2997 suis,
828 2929 872 2986 cui
887 2930 1035 2988 Orientem
1056 2930 1158 2987 haeresi
1178 2930 1360 2988 inficiendum
1374 2930 1477 2986 Manes

431 3026 621 3089 demandavit,
635 3033 668 3080 ut
681 3025 755 3081 infra
769 3044 831 3099 cap.
846 3044 891 3081 11.
907 3025 1019 3083 dicitur.

472 3119 482 3164 ¹
496 3121 597 3178 Codex
611 3121 769 3186 Bobiensis,
784 3125 889 3197 quippe,
905 3123 979 3179 mela
991 3122 1087 3180 lectio.

473 3228 497 3258 ¹¹¹
511 3216 593 3272 Idem
606 3218 704 3282 codex,
721 3219 759 3273 ad
770 3236 909 3293 vesperam
923 3219 1006 3276 velati
1014 3220 1186 3294 pereprinrta.

473 3320 490 3353 ¹²
500 3311 580 3369 Idem
595 3312 696 3378 codex,
711 3332 769 3388 qaue
781 3314 953 3390 quidenipso
968 3316 1128 3372 diversoria.
1161 3314 1238 3372 Hinc
1252 3323 1347 3372 autem
1361 3323 1478 3390 apparet

432 3428 517 3484 quam
531 3409 629 3465 sedulo
644 3408 829 3484 hospitalitati
840 3430 954 3485 operam
964 3412 1095 3469 dederint
1108 3412 1257 3487 primitivae
1270 3412 1397 3470 ecclesiae
1407 3413 1477 3469 lide·

432 3507 484 3571 les,
500 3505 578 3563 Pauli
588 3514 730 3580 praecepto
744 3505 773 3563 in
787 3507 907 3582 epistola
927 3508 964 3564 cd
986 3509 1125 3567 Hebraeos
1145 3528 1207 3584 cap.
1220 3510 1280 3567 xiii.
1295 3530 1369 3568 vers.
1388 3528 1412 3568 1.
1427 3510 1478 3566 ob-

433 3603 532 3661 secuti.
574 3603 763 3660 Tertullianus
777 3604 813 3660 de
828 3603 1090 3679 Praescriptionibus
1111 3606 1246 3664 adversus
1261 3607 1394 3663 Haereses
1414 3625 1477 3680 cap.

436 3717 483 3757 20.
506 3698 556 3757 Sic
576 3718 667 3755 omnes
684 3699 822 3771 (ecclesiae
843 3700 986 3773 videlicet)
996 3703 1090 3777 prima
1110 3711 1136 3759 et
1157 3704 1329 3777 apostoliam
1344 3704 1405 3760 dam
1425 3722 1479 3760 aaa

434 3811 525 3849 omnes
539 3792 659 3868 probant
678 3794 815 3858 unitatem,
838 3794 901 3850 dam
920 3801 962 3850 eat
980 3795 1039 3851 illis
1056 3796 1257 3852 communicatio
1272 3796 1363 3870 pacis,
1384 3804 1412 3851 et
1429 3814 1478 3869 ap-

431 3888 544 3962 pellatia
554 3889 757 3962 fraternitatis,
778 3897 805 3944 et
822 3892 1014 3947 contesseratio
1033 3891 1247 3965 hospitalitatia;
1266 3910 1323 3967 qaae
1336 3891 1408 3965 jara
1427 3910 1480 3948 m

434 3984 491 4040 clia
504 3986 576 4041 ratio
590 3985 670 4058 repit,
685 4004 762 4058 qaum
773 3986 891 4057 ejusm
905 3989 1069 4045 sacramenti
1081 4007 1134 4045 sna
1148 3990 1270 4045 traditio.
1312 3989 1392 4046 Nota
1402 3997 1478 4053 sunt,

435 4097 497 4153 quae
519 4080 554 4135 de
569 4079 796 4138 Christianorum
816 4101 886 4158 erga
907 4084 1091 4160 Peregrinum
1111 4085 1253 4160 hospitem
1273 4085 1372 4143 officiis
1392 4086 1480 4142 refert

435 4174 577 4231 Lucienus
587 4175 617 4231 in
630 4174 702 4233 libro
716 4178 751 4235 de
767 4180 894 4252 ejusdem
915 4189 1018 4238 morte.
1062 4180 1120 4238 Sed
1134 4191 1164 4239 et
1178 4182 1253 4257 quod
1267 4183 1303 4240 de
1318 4182 1480 4240 diremeriis

237 4305 244 4316 -
346 4317 348 4321 ,
436 4277 521 4346 etque
534 4270 672 4346 hospitiis,
686 4292 737 4347 per
755 4275 848 4350 regias
862 4276 922 4332 vies
942 4276 972 4333 in
993 4278 1136 4334 Persidem
1152 4278 1296 4343 ducentes,
1311 4297 1328 4336 a
1341 4278 1480 4335 Marcello

435 4368 616 4439 constructis,
627 4368 674 4426 hic
687 4370 818 4445 legimus,
833 4372 862 4429 id
877 4373 938 4429 eliis
951 4374 981 4430 in
995 4375 1074 4439 locis,
1089 4395 1122 4433 ac
1131 4376 1238 4452 'ubique
1251 4375 1341 4433 ferme
1354 4396 1372 4433 a
1380 4376 1479 4433 Chris·

435 4463 521 4523 tinnis
531 4465 638 4524 factum
648 4466 743 4533 fuisse,
753 4477 849 4542 aperte
858 4469 1001 4544 colligitur
1009 4488 1046 4526 ex
1055 4470 1187 4545 Gregorii
1198 4471 1374 4529 Nazianzeni
1384 4471 1479 4529 invec-

436 4560 495 4619 tiva
508 4562 533 4619 I.
550 4561 579 4621 in
592 4563 736 4622 Juliauum
751 4565 931 4640 Apostatam,
946 4565 995 4622 ubi
1009 4564 1215 4642 Imperatorem
1233 4568 1309 4625 huuc
1330 4568 1367 4625 ed
1380 4567 1480 4626 Chris-
