3817 5692
733 737 1043 802 DISPUTATIO.
1371 744 1414 811 79

366 908 481 980 simile
507 909 728 1003 signaculum
758 909 965 1001 apparebit?
992 910 1247 1003 Nequaquam
1273 913 1412 985 etiamsi

366 1048 428 1096 vos
445 1025 575 1107 nolitis,
593 1026 688 1116 quod
705 1047 827 1095 verum
850 1034 914 1107 est,
933 1027 1102 1097 confiteri.
1155 1028 1260 1111 Quod
1287 1030 1313 1098 si
1341 1052 1412 1100 non

366 1164 488 1212 sumus
513 1140 644 1211 similes
669 1142 705 1210 in
732 1140 922 1235 signaculo,
950 1142 1011 1211 sed
1043 1150 1098 1212 est
1122 1144 1159 1211 in
1186 1143 1286 1213 nobis
1312 1143 1412 1215 diffe-

366 1258 499 1339 rentia3
533 1257 711 1347 quomodo
741 1280 812 1326 non
841 1258 1010 1349 probatur
1038 1258 1242 1350 Principum
1274 1282 1347 1339 nos,
1375 1270 1413 1330 et

367 1373 521 1443 materia
539 1395 614 1443 esse
631 1372 814 1454 facturam,
832 1374 1047 1442 ‘secundum
1061 1375 1155 1443 enim
1175 1375 1329 1465 ipsorum
1344 1375 1414 1444 for·

367 1512 472 1570 mam,
497 1499 535 1559 et
555 1488 834 1569 similitudinem,
853 1497 890 1558 et
914 1489 1104 1581 imaginem
1128 1490 1237 1559 etiam
1263 1513 1326 1562 nos
1350 1513 1411 1560 ex·

366 1605 505 1674 istimus
522 1604 642 1674 forma
659 1604 819 1674 diversae.
871 1603 976 1686 Quod
1000 1605 1028 1672 si
1047 1625 1134 1684 earn,
1153 1627 1231 1695 quae
1248 1627 1293 1673 ex
1310 1606 1412 1674 initio

367 1719 461 1788 facta
477 1720 687 1789 commixtio
704 1729 768 1799 est,
786 1727 824 1789 et
840 1716 993 1809 qualiter
1008 1718 1103 1788 facta
1122 1719 1179 1801 sit,
1199 1716 1305 1788 vultis
1322 1720 1413 1789 edis-

367 1844 456 1916 cere,
475 1835 623 1904 edicam.

417 1949 506 2020 XV.
528 1950 552 2019 J
555 1969 685 2020 unrcns
702 1968 904 2030 nrxnauur,
923 1949 1008 2017 Non
1031 1949 1126 2038 prius
1142 1949 1310 2039 quaeritur
1326 1972 1412 2040 quo-

366 2065 473 2135 modo
500 2065 594 2134 facta
623 2066 669 2134 sit
698 2066 812 2155 prima
840 2064 1059 2144 commixtio,
1087 2064 1153 2133 nisi
1185 2063 1280 2155 prius
1307 2065 1413 2134 detur

367 2182 466 2262 ratio,
484 2181 555 2251 duo
574 2203 650 2252 esse
675 2180 847 2272 principia
863 2179 1049 2249 naturalia.
1102 2179 1194 2248 Cum
1220 2182 1315 2250 enirn
1342 2180 1412 2252 cla·

367 2298 476 2365 ruerit
501 2298 572 2366 duo
597 2319 673 2366 esse
700 2295 866 2387 ingenita,
891 2304 977 2364 tunc
1003 2296 1110 2365 etiam
1140 2294 1276 2387 reliqua
1303 2297 1411 2367 fidem

366 2412 517 2502 capient,
545 2412 652 2482 etiam
681 2410 710 2480 si
741 2432 820 2502 pars
849 2410 967 2502 aliqua
995 2433 1066 2480 non
1091 2413 1411 2483 accommodaverit

366 2548 564 2597 assensum:
585 2526 769 2618 judicandi
795 2528 890 2597 enim
917 2527 1018 2596 nobis
1043 2536 1219 2617 potestate
1243 2529 1412 2619 permissa

366 2641 533 2724 dicemus
564 2643 658 2733 quod
692 2652 821 2714 nostrae
855 2641 1010 2734 opinioni
1046 2640 1221 2712 claruerit.
1274 2640 1412 2711 Demus

367 2765 487 2827 tamen
512 2766 550 2827 et
576 2756 750 2828 Archelao
776 2757 915 2828 dicendi
946 2754 1153 2825 facultatem
1184 2756 1228 2823 ad
1259 2754 1343 2835 baec,
1370 2765 1411 2825 ut

367 2895 444 2964 qnae
469 2873 515 2942 ab
531 2882 683 2964 utroque
700 2873 796 2942 dicta
812 2871 945 2941 fuerint
967 2878 1220 2960 comparantes,
1241 2892 1304 2961 pro
1323 2871 1412 2938 veri·

367 2997 442 3058 tate
468 2989 640 3079 possimus
662 2988 752 3058 ferre
778 2987 1002 3057 sententiam.
1054 2982 1277 3054 Aacnmsus
1294 3004 1409 3067 n1x1r,

366 3101 521 3171 Tametsi
546 3102 700 3194 ingentis
724 3102 878 3171 audaciae
904 3108 941 3169 et
971 3098 1197 3189 blasphemiae
1227 3098 1332 3191 plena
1356 3107 1411 3168 est

366 3215 518 3286 intentio
543 3217 740 3287 adversarii.
793 3216 932 3286 Manus
959 3235 1074 3296 mxrr,
1101 3213 1235 3284 Audite
1254 3214 1410 3297 Judices,

365 3325 466 3422 fquid
491 3332 632 3413 dixerit,
658 3330 869 3401 adversarii?
897 3330 992 3422 Ergo
1009 3332 1091 3401 duae
1117 3352 1172 3399 res
1197 3338 1289 3399 sunt.
1337 3327 1412 3399 Aa·
1494 3412 1499 3420 Ι

365 3466 530 3517 cusanus
548 3466 662 3529 u1xr'r,
680 3446 829 3516 Insaniae
846 3446 959 3539 magis
976 3468 1081 3537 quarn
1101 3444 1295 3535 prudentiae
1314 3444 1410 3513 vide-

366 3570 425 3632 tur
449 3562 536 3631 mihi
559 3561 684 3655 plenus
711 3563 792 3646 iste,
816 3562 875 3652 qui
899 3560 987 3630 mibi
1010 3559 1115 3630 hodie
1137 3560 1409 3629 controversiam

365 3687 494 3759 movet,
522 3677 604 3768 quia
629 3676 752 3747 dixero
778 3674 973 3745 aduersarii
983 3700 995 3754 ;
1021 3675 1081 3744 sed
1113 3673 1231 3744 ablata
1260 3674 1325 3743 tibi
1356 3682 1411 3742 est

365 3794 401 3861 in
431 3794 570 3863 modico
598 3814 759 3862 sermone
789 3791 961 3882 objectio:
989 3790 1157 3860 sumetsi
1187 3789 1329 3879 quidem
1364 3810 1411 3857 ex

405 4050 418 4082 θ
440 4041 474 4098 lu
488 4041 585 4098 codice
600 4042 750 4099 Casinensi
765 4050 835 4106 erat,
850 4042 899 4098 sed
911 4040 1000 4097 Deum
1013 4039 1093 4105 enim,
1108 4037 1185 4093 nullo
1199 4055 1292 4100 sensu.
1307 4053 1360 4091 nos
1373 4052 1411 4091 ex

364 4137 487 4212 ingenio,
503 4146 535 4194 ut
549 4137 655 4195 editum
670 4146 723 4203 est,
736 4138 920 4195 correximus.

404 4231 522 4299 ‘Forte
537 4236 608 4310 quod
616 4235 726 4298 dicerit,
741 4234 786 4290 vel
800 4237 862 4309 quio
876 4235 985 4291 diruit.

405 4340 422 4384 s
438 4330 483 4387 lta
496 4332 572 4389 hunc
585 4332 679 4388 locum
695 4331 887 4395 restituione
910 4349 976 4387 nam
990 4330 1020 4386 in
1034 4328 1131 4386 codice
1144 4327 1302 4402 legebatur,
1317 4325 1411 4381 tcmri

365 4427 467 4501 pridem
488 4446 521 4483 ec
541 4428 591 4484 boc
611 4428 761 4485 arbitratus
780 4434 821 4482 est
841 4445 871 4482 se
887 4426 1090 4501 effrenatarum.
1133 4420 1190 4478 Sed
1212 4438 1297 4494 supra
1310 4436 1410 4475 vocem

365 4532 428 4589 tom,
443 4524 571 4599 quadam
591 4524 696 4582 lineola
714 4524 804 4581 literae
825 4541 848 4588 c,
866 4521 964 4579 similis
984 4518 1146 4594 apparebat,
1161 4535 1246 4592 quam
1267 4511 1410 4589 particula

364 4628 399 4683 et,
414 4619 611 4695 compendium
626 4639 688 4677 esse
703 4619 873 4694 putavimus.
