3817 5692
754 707 1062 771 DISPU'PATIO.
1373 706 1436 768 143

389 881 544 971 aliquem
573 879 731 949 inclinari
760 881 934 971 potuerim
967 903 1118 961 sensum,
1147 889 1264 950 tamen
1295 891 1438 972 propter

389 996 566 1087 simplices
591 1019 759 1087 quosque,
779 1005 848 1065 tuae
877 998 1098 1066 auctoritatis
1125 996 1327 1087 compulsus
1357 1019 1437 1066 sum

388 1111 575 1203 implorare
592 1133 801 1180 sermonem.
855 1112 1010 1181 Revera
1029 1112 1124 1180 enim
1143 1112 1195 1179 vir
1213 1111 1314 1182 valde
1333 1113 1438 1181 vehe-

388 1249 488 1296 mens
506 1236 580 1295 tam
598 1248 768 1307 sermone,
787 1248 892 1316 quam
911 1249 1028 1318 opere,
1047 1226 1107 1295 sed
1126 1236 1164 1295 et
1186 1237 1330 1317 aspectu
1348 1227 1436 1319 ipso,

389 1352 497 1432 atque
515 1340 639 1410 babitu
660 1350 814 1432 apparet.
868 1340 939 1410 Sed
967 1351 1005 1410 et
1031 1365 1142 1432 pauca
1167 1344 1341 1431 quaedam,
1359 1366 1438 1433 quae

390 1458 541 1526 retinere
558 1478 700 1547 possum
718 1478 763 1524 ex
782 1457 833 1536 iis,
850 1478 932 1545 quae
955 1457 1000 1526 ab
1024 1480 1067 1526 eo
1094 1458 1188 1527 dicta
1214 1467 1305 1540 sunt,
1324 1458 1438 1528 scribo

390 1570 467 1651 tibi,
481 1570 594 1639 sciens
612 1570 694 1660 quia
711 1593 756 1638 ex
775 1571 816 1639 iis
834 1571 942 1639 etiam
962 1570 1096 1661 reliqua
1114 1571 1300 1664 intelliges.
1331 1572 1437 1641 Nosti

390 1686 472 1776 quia
488 1707 623 1753 morem
641 1683 736 1753 bunc
750 1684 892 1767 babent,
905 1687 965 1776 qui
980 1687 1109 1779 dogma
1125 1686 1266 1778 aliquod
1285 1710 1438 1756 asserere

391 1799 524 1881 volunt,
546 1808 587 1867 ut
613 1821 832 1888 quaecunque
856 1799 1032 1869 voluerint
1058 1802 1102 1870 de
1128 1800 1318 1892 Scripturis
1343 1824 1438 1871 assu-

391 1936 497 1995 mere,
529 1914 602 1982 haec
636 1914 842 2004 propensius
876 1916 929 1983 sui
964 1914 1200 2008 intelligentia
1234 1916 1437 2008 depravent.

391 2029 463 2099 Sed
491 2029 557 2097 boc
586 2030 801 2119 praeveniens
819 2028 1047 2120 Apostolicus
1073 2034 1220 2102 denotat
1246 2056 1360 2102 sermo
1387 2034 1439 2101 di-

391 2166 482 2224 cens,
503 2141 562 2214 'Si
587 2143 664 2236 quis
689 2140 780 2212 vobis
803 2144 1061 2213 annuntiaverit
1085 2144 1324 2237 praeterquod
1348 2169 1439 2216 acoe-

385 2259 500 2353 pt'atis‚
519 2256 699 2328 anathema
715 2256 771 2326 sit.
824 2256 950 2347 Itaque
972 2253 1051 2346 post
1069 2256 1152 2336 haec,
1170 2279 1248 2346 quae
1266 2257 1374 2326 semel
1393 2258 1438 2327 ab

392 2372 576 2464 Apostolis
602 2372 730 2442 tradita
756 2378 850 2452 sunt,
868 2368 962 2440 ultra
987 2393 1056 2439 non
1083 2379 1225 2461 oportet
1250 2371 1439 2460 quiequam

392 2489 488 2559 aliud
513 2489 689 2576 suscipere
712 2485 924 2578 discipulum
942 2485 1085 2555 Christi.
1135 2485 1271 2555 Verum
1299 2510 1344 2556 ne
1368 2509 1439 2555 ser-

393 2627 535 2675 monem
571 2602 710 2695 longius
743 2601 958 2693 protraham,
989 2602 1032 2669 ad
1068 2604 1284 2692 propositum
1319 2602 1438 2671 redeo.

395 2721 529 2814 Legem
555 2719 682 2811 Moysi,
707 2729 748 2789 ut
778 2719 932 2788 breviter
957 2717 1085 2798 dicam,
1112 2718 1252 2787 dicebat
1281 2717 1339 2786 hic
1367 2740 1438 2785 non

393 2858 468 2905 esse
488 2835 555 2903 Dei
573 2834 668 2915 boni,
687 2834 747 2902 sed
766 2831 910 2924 maligni
931 2831 1112 2923 Principis,
1130 2854 1196 2901 nec
1212 2832 1342 2902 babere
1360 2853 1438 2902 eam

394 2948 582 3038 quicquam
605 2947 823 3039 cognationis
845 2947 889 3016 ad
913 2969 1040 3015 novam
1065 2945 1180 3038 legem
1200 2945 1351 3027 Christi3
1377 2946 1440 3014 sed

394 3084 471 3132 esse
488 3064 698 3130 contrariam
717 3071 754 3131 et
772 3060 962 3142 inimicam,
981 3060 1128 3130 alteram
1150 3060 1251 3130 alteri
1270 3062 1442 3129 obsisten-

395 3184 479 3246 tem.
532 3178 608 3270 Ego
634 3177 789 3257 audiens,
808 3176 966 3246 dicebam
991 3177 1041 3245 eis
1064 3199 1260 3245 sermonem
1280 3175 1442 3267 Evange-
1539 3252 1541 3255 ¹

395 3292 515 3373 licum,
542 3291 719 3383 quomodo
747 3291 837 3360 dixit
866 3291 1040 3361 Dominus
1067 3301 1187 3360 noster
1202 3289 1307 3361 Jesus
1324 3290 1443 3360 Chris-

395 3417 462 3487 tus,
481 3405 579 3477 'Non
596 3406 673 3477 veni
689 3404 816 3477 solvere
833 3404 945 3501 lepem,
963 3403 1024 3474 sed
1039 3403 1236 3498 adimplere.
1273 3404 1340 3474 Ille
1358 3428 1442 3474 vero

394 3525 455 3603 ait,
476 3546 700 3615 nequaquam
727 3545 809 3592 eum
838 3522 933 3590 huno
959 3522 1089 3591 dixisse
1115 3543 1333 3601 sermonem;
1359 3542 1443 3589 cum

395 3639 489 3706 enim
519 3638 631 3729 ipsam
659 3637 989 3707 inveniamuseum
1021 3636 1203 3706 resolvisse
1230 3637 1355 3728 legem,
1383 3658 1444 3704 ne·

395 3776 492 3823 resse
509 3763 564 3824 est
582 3776 644 3822 nos
666 3752 732 3822 hoc
751 3754 867 3843 potius
883 3751 1092 3844 intelligere,
1112 3751 1205 3842 quod
1224 3752 1319 3820 fecit.
1370 3751 1444 3820 De-

395 3868 478 3936 inde
504 3868 612 3959 coepit
638 3868 755 3937 dicere
780 3866 932 3957 plurima
957 3889 1003 3936 ex
1029 3866 1120 3959 lege,
1137 3864 1252 3934 multa
1272 3866 1378 3934 etiarn
1398 3864 1443 3934 de

397 3980 602 4074 Evangelio,
632 3991 671 4050 et
701 3980 877 4072 Apostolo
913 3980 1035 4063 Paulo,
1067 4004 1148 4072 quae
1182 3980 1248 4049 sibi
1280 3981 1443 4049 videntur

396 4120 471 4167 esse
497 4098 681 4179 contraria,
706 4120 783 4187 quae
809 4098 916 4166 etiam
943 4119 1026 4165 cum
1051 4097 1179 4166 fiducia
1205 4096 1334 4177 dicens,
1354 4095 1442 4164 nibil

396 4212 635 4305 pertimescit3
660 4213 766 4283 credo
779 4211 874 4303 quod
891 4210 1021 4282 babeat
1038 4212 1235 4303 adjutorem
1254 4213 1442 4280 draconem
1468 4275 1473 4288 ,

396 4327 509 4408 illum,
527 4329 585 4419 qui
609 4328 710 4397 nobis
735 4350 874 4419 semper
893 4327 1055 4397 inimicus
1073 4337 1137 4397 est.
1189 4327 1341 4398 Dicebat
1359 4348 1443 4418 ergo

645 4598 731 4654 Ι(ιιι.
745 4598 763 4653 i.
780 4598 806 4653 a.
997 4597 1135 4653 ·Mat.v.
1154 4610 1200 4669 17.
