3817 5692
507 681 550 747 60
748 682 1002 746 ARCHELAI
1034 685 1098 747 ET
1131 686 1350 750 MANETIS

507 889 573 934 σει.
622 857 679 934 καὶ
698 855 799 937 εἴτις
824 856 865 933 οὐ
884 856 1010 934 δίδωσι
1032 863 1106 938 τοῖς
1133 858 1309 940 ἐκλεκτοῖς
1326 859 1434 937 αὐτοῦ
1452 858 1552 937 εὐσέ-

504 989 618 1077 βειαν,
636 978 908 1079 κολασθήσεται
931 987 979 1064 εἷς
1005 980 1070 1065 τὰς
1087 981 1219 1084 γενεὰς,
1238 986 1295 1061 καὶ
1317 1017 1547 1082 μετενσωμα-

504 1116 627 1186 τοῦται
654 1113 702 1192 εἷς
728 1106 1001 1211 κατηχονμένων
1026 1108 1188 1206 σώματα,
1214 1110 1279 1194 ἕως
1308 1112 1349 1190 οὗ
1374 1114 1425 1217 δῷ
1452 1114 1552 1190 εὐσε·

503 1238 603 1330 βείας
620 1235 775 1332 πολλὰς,
794 1238 852 1314 καὶ
868 1234 926 1314 διὰ
943 1244 1061 1332 τοῦτο,
1080 1236 1162 1314 εἴτι
1181 1235 1383 1317 κάλλιστον
1400 1240 1438 1316 ἐν
1455 1238 1552 1341 βρώ-

503 1397 607 1460 μασι,
625 1370 699 1447 τοῖς
717 1365 893 1445 ἐκλεκτοῖς
910 1361 1174 1467 προσφέρουσι.
1223 1367 1281 1442 καὶ
1299 1364 1386 1443 ὅταν
1404 1363 1547 1460 μέλλω·

504 1524 566 1569 σιν
594 1492 726 1570 ἐσθίειν
750 1490 869 1592 ἄρτον,
902 1489 1165 1593 προσεύχονται
1190 1495 1344 1591 πρῶτον,
1368 1491 1460 1569 οὕτω
1485 1492 1546 1569 λε’-

504 1653 628 1720 γοντες
654 1616 745 1720 πρὸς
769 1615 832 1696 τὸν
861 1617 980 1720 ἄρτον,
1012 1617 1091 1695 οὔτε
1122 1615 1167 1695 σὲ
1193 1614 1264 1717 ἐγὼ
1292 1617 1445 1718 ἐθέρισα,
1471 1620 1550 1696 οὔτε

504 1743 633 1842 ἤλεσα,
662 1746 740 1823 οὔτε
772 1743 910 1849 ἕθλιψά
939 1778 995 1840 σε,
1023 1744 1103 1822 οὔτε
1125 1749 1174 1826 εἷς
1202 1743 1377 1837 κλίβανον
1403 1742 1548 1839 ἔβαλον·

503 1869 603 1950 ἀλλὰ
638 1871 753 1952 ἄλλος
785 1871 932 1969 ἐποίησε
965 1877 1086 1966 ταῦτα,
1120 1871 1178 1947 καὶ
1214 1869 1345 1970 ἤνεγκέ
1375 1904 1447 1967 μοι,
1478 1867 1549 1970 ε’γῖο

502 1999 665 2080 ἀναιτίως
692 1997 840 2102 ἔφαγον.
879 2000 938 2075 καὶ
957 1996 1044 2076 ὅταν
1062 1996 1140 2075 καθ’
1179 1995 1305 2074 ἑαυτὸν
1322 1995 1402 2099 εἴπῃ
1425 2004 1547 2093 ταῦτα,

503 2125 600 2226 λέγει
624 2129 676 2230 τῷ
693 2125 954 2230 κατηχουμένῳ,
973 2121 1137 2230 ηὐξάμην
1155 2119 1243 2225 ὑπὲρ
1261 2130 1343 2218 σοῦ,
1361 2126 1420 2214 καὶ
1438 2125 1549 2206 οὕτως

503 2253 701 2356 ἀφίσταται
729 2253 866 2334 ἐκεῖνος.
906 2255 954 2335 ὡς
981 2248 1052 2354 γὰρ
1085 2247 1183 2330 εἶπον
1210 2252 1292 2347 ὑμῖν
1315 2248 1387 2350 πρὸ
1411 2252 1547 2351 ὀλίγον,

502 2473 556 2560 qui
587 2493 651 2535 uon
680 2471 866 2556 praestiterit
895 2472 1004 2536 electis
1044 2480 1152 2538 centes
1170 2473 1212 2536 cd
1234 2493 1357 2557 panem,
1373 2494 1473 2557 neque
1487 2494 1547 2559 ego

502 2557 765 2644 ejusoatimenta,
777 2558 1004 2639 poeuissubde-
1044 2566 1078 2622 te
1100 2557 1226 2636 messui,
1242 2579 1343 2643 neque
1364 2558 1469 2635 molui,
1493 2580 1546 2622 uc-

500 2652 555 2709 tur
583 2655 594 2682 ¹
601 2644 765 2728 gehennoe,
791 2651 826 2707 et
851 2645 1004 2708 transfor·
1045 2666 1106 2728 que
1122 2644 1302 2719 ‘tribulari
1318 2665 1375 2708 nec
1396 2644 1429 2707 in
1451 2643 1546 2708 cliba-

499 2746 608 2795 matur
642 2730 674 2793 in
705 2730 1004 2795 catechumenorum
1046 2751 1122 2793 num
1140 2736 1174 2793 te
1195 2729 1284 2800 misi;
1308 2729 1388 2794 nlius
1406 2737 1441 2793 tc
1459 2730 1544 2804 fecit,

500 2838 645 2915 corpore,
659 2837 821 2900 usquequo
837 2814 933 2879 faciat
948 2814 1004 2878 mi·
1045 2822 1079 2878 et
1094 2815 1209 2879 detulit
1226 2822 1260 2879 te
1281 2815 1369 2891 mihi,
1385 2836 1444 2899 ego
1458 2816 1546 2880 inno-

500 2901 688 2966 serrcordies
702 2902 839 2975 multas3
862 2910 895 2964 ct
908 2923 1003 3000 prop·
1045 2909 1154 2965 center
1190 2907 1224 2964 te
1262 2901 1454 2964 ”manduoo
1500 2902 1546 2965 Et

499 2994 589 3051 teres
604 2987 629 3049 si
645 2987 719 3069 quid
735 2987 890 3072 optimum
905 2992 955 3049 est
971 3008 1003 3048 ru
1044 3007 1115 3049 cum
1141 2986 1227 3051 intra
1251 2986 1455 3070 semetipsum
1476 2987 1545 3051 haec

500 3074 592 3147 escis,
607 3071 763 3136 soii'orunt
781 3072 857 3134 illud
872 3072 999 3135 clectis:
1043 3072 1172 3148 dixerit,
1188 3086 1203 3117 ¹
1215 3072 1386 3157 respondet
1400 3072 1443 3135 ud
1462 3094 1544 3149 eum,

498 3164 532 3220 et
547 3178 618 3221 oum
636 3157 791 3221 voluerint
809 3158 1001 3220 munducare
1042 3157 1096 3242 qui
1118 3157 1147 3220 ei
1167 3157 1293 3234 detulit,
1308 3157 1394 3221 oravi
1416 3179 1474 3242 pro
1496 3164 1542 3235 te,

497 3264 623 3327 penem,
640 3250 734 3306 orent
748 3243 861 3327 primo,
876 3243 940 3307 ista
954 3243 1001 3304 di·
1042 3250 1075 3306 et
1104 3242 1156 3306 illc
1185 3243 1319 3307 discedit
1353 3243 1409 3307 ita.
1454 3243 1544 3307 Sicut

538 3471 554 3515 (ι
568 3461 654 3536 Apud
668 3462 857 3537 Epiphanium
871 3459 1012 3525 scribitur,
1027 3462 1173 3526 εὐσέβειαν,
1183 3462 1323 3535 pietatem.

537 3567 550 3598 f
564 3558 748 3632 Epiphanius,
760 3578 812 3635 per
825 3558 924 3615 multas
936 3558 1132 3633 permotiones,
1142 3577 1236 3633 ραιιας
1248 3559 1386 3633 rependet.

537 3664 549 3695 ⁸
564 3654 664 3711 Codex
675 3655 834 3719 Bobiensis,
850 3656 968 3729 offerunt
981 3654 1050 3711 illud
1062 3654 1120 3710 iltis
1133 3654 1234 3711 electis.
1258 3654 1429 3719 casinensis,
1443 3657 1543 3730 offerre

499 3753 568 3808 illud
580 3752 681 3809 electis.
704 3753 754 3809 sed
768 3771 804 3809 ex
819 3752 979 3827 Epiphanio
992 3752 1145 3827 legendum
1159 3762 1191 3809 ut
1205 3752 1354 3809 edidimus.

537 3853 548 3891 t
569 3848 605 3905 In
627 3867 722 3923 graeco
746 3848 897 3923 Epiphanii
918 3850 1027 3920 ἷθλιψσ,
1047 3848 1148 3923 sedeci,
1173 3867 1207 3905 eo
1227 3868 1320 3913 sensu,
1343 3868 1399 3924 qno
1419 3850 1539 3906 ferinam

496 3944 627 4018 subigere
641 3946 770 4001 dicimus.

536 4050 552 4081 ¹¹
568 4039 739 4106 casinensis,
754 4043 882 4098 manduco
896 4050 922 4098 et
935 4042 1019 4099 soluo.
1063 4043 1122 4102 Sed
1143 4062 1195 4100 nos
1217 4043 1366 4100 Bobiensis
1382 4042 1496 4108 codicis,
1512 4050 1541 4098 et

496 4136 648 4214 Epiphanii
661 4139 812 4196 lectionem
826 4139 1025 4214 expressimus.

537 4244 551 4271 ¹
566 4234 664 4292 Codex
675 4236 834 4302 Bobiensis,
851 4239 993 4311 respondet
1007 4239 1044 4294 ad
1057 4239 1143 4306 illum,
1158 4240 1205 4312 qui
1219 4238 1332 4294 detulit:
1354 4239 1432 4293 ονονὶ
1439 4254 1494 4312 ρνο
1505 4245 1539 4292 te.

495 4332 529 4388 si
549 4333 609 4408 quis
629 4335 777 4399 tremuerit,
800 4335 954 4399 demetetur,
977 4337 1025 4392 &c
1073 4336 1244 4411 Epiphanius
1264 4335 1360 4403 habet,
1380 4335 1446 4391 dicit
1467 4342 1538 4390 cute-

496 4428 639 4486 cdumenc:
662 4432 739 4487 oravi
754 4451 808 4506 pro
830 4441 863 4499 te,
879 4434 958 4489 etita
978 4434 1024 4489 itte
1040 4435 1160 4490 discedit.
1202 4433 1287 4497 Nam,
1300 4434 1372 4490 simet
1392 4451 1440 4505 ego
1455 4430 1539 4505 ροιιὶο

494 4534 557 4581 onte
569 4527 635 4590 diri,
650 4530 674 4583 si
688 4530 750 4601 quis
763 4529 912 4592 messuerit,
924 4530 1076 4587 demetetur.
1099 4530 1157 4587 Sed
1172 4531 1272 4587 melior
1284 4530 1364 4587 latini
1378 4527 1540 4604 interpretis

494 4620 588 4678 lectio.
