3817 5692
497 706 561 771 106
720 702 975 770 ARCHELAI
1008 704 1072 768 ET
1105 703 1325 766 MANETIS

496 883 596 952 dedit
613 882 672 961 eis,
691 891 729 950 et
746 881 956 951 nominatim
979 878 1134 973 singulos
1155 897 1363 957 convocans,
1380 873 1546 965 praecepit

497 997 548 1067 eis
564 1018 702 1067 servare
720 996 974 1075 hereditatem,
992 1004 1030 1064 et
1050 992 1238 1074 custodire,
1255 1013 1297 1061 ao
1320 1009 1443 1083 regere
1465 984 1548 1055 snb-

496 1112 675 1194 stantiam,
692 1113 784 1182 siont
809 1118 1046 1203 susceperant,
1064 1119 1102 1178 et
1124 1107 1256 1200 perfrui
1281 1105 1382 1176 bonis
1398 1112 1438 1173 et
1455 1103 1547 1172 fruc·

498 1226 603 1308 tibus,
621 1228 686 1320 ipsi
705 1228 838 1297 domini
857 1224 1084 1317 haeredesque
1107 1223 1278 1294 derelicti.
1330 1219 1369 1290 Si
1387 1220 1547 1311 quivero

497 1364 544 1413 ex
560 1344 634 1436 agri
652 1343 757 1435 hujus
770 1343 944 1414 fructibus
960 1341 1141 1434 percipere
1158 1348 1309 1433 rogaret,
1322 1336 1548 1430 indulgenter

497 1456 717 1549 praeberent;
743 1458 819 1527 ⁰sin
842 1466 964 1528 autem
980 1456 1201 1528 cohaeredem
1219 1475 1257 1524 se
1275 1453 1404 1532 dicens,
1422 1468 1548 1540 expos-

498 1581 604 1652 ceret,
622 1574 833 1655 devitarent,
850 1581 959 1663 atque
975 1572 1131 1642 alienum
1157 1592 1234 1640 esse
1254 1565 1547 1660 pronunciarent;

499 1711 587 1780 opus
610 1697 732 1760 autem
757 1689 870 1781 magia
886 1688 1003 1759 facere
1025 1686 1156 1758 debere
1172 1707 1266 1768 eum,
1284 1684 1344 1776 qui
1363 1680 1470 1772 recipi
1489 1700 1548 1747 ve-

498 1803 553 1873 lit.
604 1803 792 1887 Quomodo
809 1826 894 1897 ergo
915 1802 970 1873 his
993 1803 1158 1873 omnibns
1175 1803 1277 1881 bene,
1295 1808 1463 1889 recteque
1479 1795 1549 1864 dis-

497 1920 622 2011 positis
648 1929 687 1990 et
713 1922 867 2000 statutis,
888 1941 930 1990 ao
958 1920 1110 2011 plurimo
1137 1929 1299 2011 tempore
1325 1917 1361 1986 in
1385 1936 1429 1985 eo
1451 1919 1546 1984 statu

498 2035 814 2126 perseverantibus,
832 2058 915 2105 enm
942 2036 1003 2127 qui
1030 2045 1110 2127 post
1137 2044 1315 2105 trecentos
1340 2032 1414 2102 iere
1439 2048 1549 2099 annos

499 2151 645 2230 venerit,
664 2158 702 2220 et
727 2150 902 2221 haeredem
928 2174 1005 2222 esse
1030 2174 1068 2221 se
1094 2151 1290 2233 confirmet,
1314 2171 1385 2219 non
1408 2145 1550 2239 abjicie-

498 2286 590 2348 mus,
617 2287 688 2337 non
711 2266 810 2358 juste
837 2266 993 2337 alienum
1021 2268 1302 2369 pronunciamus,
1325 2263 1386 2355 qui
1412 2284 1478 2333 neo
1503 2261 1548 2330 de

500 2382 704 2474 propinquis
728 2401 766 2453 se
789 2404 865 2453 esse
889 2382 1056 2465 ostendit,
1073 2382 1134 2475 qni
1152 2380 1322 2452 defuncto
1339 2389 1459 2450 nostro
1476 2399 1548 2448 non

498 2498 652 2568 adfuerit
673 2499 872 2590 aegrotanti,
890 2499 950 2590 qui
976 2500 1013 2567 in
1039 2498 1207 2589 exequias
1232 2520 1303 2566 non
1330 2496 1411 2565 ierit
1427 2492 1549 2564 Cruci·

499 2612 582 2695 fixo,
596 2614 656 2704 qui
674 2612 859 2705 sepulchro
876 2636 947 2683 non
966 2614 1152 2697 adstiterit,
1165 2614 1223 2705 qni
1243 2611 1387 2682 omnino
1404 2609 1550 2688 nesciat,

500 2725 691 2820 quomodo,
720 2737 783 2799 ant
812 2729 966 2819 qualiter
994 2729 1183 2800 defunctus
1209 2738 1275 2812 est,
1305 2728 1366 2819 qui
1396 2726 1550 2816 denique

502 2844 707 2915 thesaurum
741 2844 911 2914 frumenti
944 2844 1081 2937 ingredi
1116 2844 1247 2936 cupiat,
1280 2841 1380 2911 nullo
1418 2838 1550 2909 indicio

500 2957 619 3029 delato
648 2959 694 3029 ab
723 2982 777 3041 eo,
805 2960 864 3051 qui
895 2959 1157 3053 obsignaveritt
1201 2957 1335 3027 Nonne
1359 2978 1451 3036 enm,
1472 2964 1552 3024 tan-

500 3096 607 3164 quam
624 3074 798 3144 latronem
816 3082 853 3144 et
870 3074 986 3145 iurem
1010 3074 1227 3165 abjiciemus,
1243 3096 1285 3144 ao
1308 3072 1423 3142 modis
1438 3070 1552 3141 omni-

500 3189 567 3259 bus
583 3189 830 3282 expellemus?
869 3188 958 3259 Haeo
974 3189 1084 3282 igitur
1099 3191 1209 3282 signa,
1227 3212 1304 3281 qnae
1321 3189 1357 3257 in
1375 3186 1552 3279 praedictis

500 3303 831 3395 comprehendimus
859 3303 1044 3396 exemplis,
1062 3305 1130 3374 iste
1156 3327 1226 3374 nou
1253 3304 1415 3373 deferens
1438 3301 1552 3382 adeat,

501 3418 621 3488 dicens
646 3439 684 3489 so
709 3441 786 3489 esse
811 3418 1036 3501 Paraclitnm,
1056 3421 1117 3510 qni
1143 3421 1188 3489 ab
1209 3420 1298 3490 «lesu
1323 3419 1551 3513 presignetur

500 3539 556 3601 est
573 3534 680 3614 mitti,
696 3534 732 3602 in
757 3556 827 3625 qno
844 3535 1085 3617 tmendaoem,
1104 3535 1269 3629 ignorans
1287 3535 1435 3605 fortasse
1458 3554 1551 3604 asse-

542 3756 557 3785 ⁰
571 3747 630 3803 Aut
644 3747 715 3803 nihil
730 3748 821 3812 video,
836 3756 885 3805 aut
899 3750 938 3805 ita
957 3750 1149 3807 restituendus
1170 3759 1214 3807 est
1234 3750 1280 3807 hic
1300 3751 1380 3807 locus
1401 3749 1550 3807 manifeste

501 3852 667 3917 corruptns;
689 3863 755 3900 nam
781 3845 810 3901 in
833 3846 931 3902 codice
952 3846 993 3904 ita
1015 3847 1156 3905 scribitur.
1198 3847 1249 3904 Sin
1266 3857 1352 3905 autem
1369 3848 1506 3905 conderem
1520 3866 1552 3903 se

501 3940 604 4005 dicens,
618 3949 780 4014 capesceret,
795 3943 945 3999 devitarent
953 3945 1092 4019 persequi,
1106 3946 1223 4001 alhaum
1237 3964 1295 4002 esse
1302 3948 1509 4021 moranciaret.

540 4045 557 4089 t)
573 4034 638 4092 Hoc
652 4037 752 4093 eodem
767 4048 936 4113 argumento
957 4041 1092 4098 adversus
1106 4041 1301 4099 Montanistus
1316 4041 1404 4099 utitur
1416 4041 1548 4099 'l'heodo-

501 4151 550 4189 rus
572 4131 744 4190 Heracleote
763 4135 792 4190 in
813 4154 874 4209 cap.
894 4154 937 4208 ¹4·
979 4137 1090 4212 Evang.
1103 4138 1188 4197 Joan.
1204 4156 1279 4198 vers.
1299 4153 1343 4215 17.
1361 4158 1427 4197 cnm
1448 4139 1550 4214 inquit,

501 4228 576 4284 Nam
597 4228 624 4283 si
644 4228 702 4284 illis
723 4248 774 4285 noa
797 4231 972 4308 dilipentibas
987 4234 1084 4298 solum,
1097 4236 1145 4291 sed
1157 4243 1184 4291 et
1197 4254 1254 4310 pro
1267 4237 1328 4293 Deo
1342 4245 1454 4293 mortem
1467 4256 1549 4312 appe-

502 4324 629 4404 tentibus,
644 4343 695 4380 nort
709 4326 835 4391 misisset,
851 4347 925 4403 quem
936 4331 1102 4405 promiserat
1113 4333 1293 4402 Pararlitam,
1302 4335 1445 4392 secandum
1456 4334 1549 4409 Pliry-

500 4422 607 4497 piorum
628 4420 799 4495 impietatem,
812 4425 978 4482 mendacium
992 4427 1020 4482 ia
1033 4428 1195 4503 Emnpeliis
1209 4430 1385 4505 reperiretur.
1429 4431 1507 4494 Quod
1525 4432 1552 4486 si

501 4536 575 4581 uero,
598 4536 657 4573 eum
679 4518 716 4574 sir
739 4519 799 4594 ipsa
824 4525 934 4587 veritas,
954 4524 1060 4580 macerit
1080 4526 1117 4581 iis
1137 4525 1272 4602 Spiritum
1293 4527 1432 4596 Sanctam,
1454 4536 1553 4584 temere

502 4615 617 4671 errando
645 4617 890 4685 comminiscuntur,
915 4622 1033 4679 dicentes
1059 4643 1112 4698 per
1136 4625 1309 4692 Montanum,
1337 4636 1364 4684 et
1391 4612 1552 4684 Priscillam
