3817 5692
813 687 1118 754 ARCHELAUS.
1465 697 1486 764 9

436 854 539 918 tmen
553 854 649 918 nun.
671 878 739 940 ap.
758 876 785 937 7.
833 859 985 924 neminie
1012 869 1045 925 a
1070 840 1201 925 aneas
1225 860 1380 927 claena
1405 867 1483 928 nni-

434 955 560 1019 mianus
580 956 787 1022 Marcellinus
806 958 858 1023 lib.
873 961 958 1024 xviii.
974 984 1042 1047 cap.
1061 982 1110 1047 23,
1132 973 1166 1027 et
1186 963 1241 1026 lib.
1258 986 1328 1027 xxv.
1345 988 1413 1050 cap.
1433 987 1482 1043 20,

435 1074 507 1116 cum
530 1056 695 1138 sequenti3
728 1079 837 1121 verum
862 1067 985 1125 neutra
1011 1060 1124 1125 harum
1151 1063 1277 1127 urbium
1305 1066 1484 1131 Archelaus

434 1155 600 1241 episcopus
616 1158 744 1229 extitit;
769 1181 844 1223 nam
859 1161 927 1244 ejus
941 1184 1013 1225 cum
1031 1165 1165 1228 Manete
1181 1164 1358 1250 disputatio
1371 1168 1485 1234 habita

433 1266 484 1321 est
503 1258 536 1321 in
552 1259 794 1344 Mesopotamiae
810 1262 889 1326 urbe
909 1263 969 1326 sub
990 1264 1205 1329 Romanorum
1226 1267 1347 1332 ditione
1366 1271 1483 1354 posita,

433 1360 523 1443 cujus
543 1362 762 1447 episcopatum
782 1363 949 1428 obtinebat
965 1366 1153 1439 Archelaus,
1169 1375 1205 1431 ut
1226 1368 1345 1433 diserte
1365 1370 1482 1435 dicitur

433 1462 519 1547 apud
536 1463 761 1548 Epiphaniam,
772 1471 806 1529 et
817 1465 849 1528 in
863 1465 946 1529 actis
958 1465 1056 1549 ipsius
1067 1467 1310 1552 disputationis:
1332 1472 1483 1538 Charcha

434 1584 509 1625 vero
528 1585 549 1626 a
570 1564 759 1628 Marcellino
779 1573 965 1641 memorata,
981 1574 1074 1631 extra
1095 1570 1374 1654 Mesopotamium,
1391 1582 1482 1637 trans

434 1663 565 1747 Tigrim,
588 1664 621 1727 in
645 1667 814 1728 Persarum
834 1666 954 1730 ditione
977 1667 1040 1732 sita
1066 1678 1146 1746 erat,
1171 1673 1281 1735 eodem
1310 1675 1481 1739 Ammiano

433 1773 517 1828 teste
536 1765 612 1828 locis
630 1788 726 1850 supra
745 1767 905 1840 laudatis;
931 1770 1065 1833 Carchae
1086 1793 1211 1855 quoque
1231 1772 1362 1837 Arabim
1382 1775 1479 1853 urbis,

433 1866 523 1950 cujus
536 1868 623 1951 apud
637 1869 843 1953 Anonymum
858 1869 1079 1934 Ravennatem
1094 1871 1213 1935 mentio
1228 1878 1289 1949 est,
1301 1873 1481 1938 Archelaus

402 1999 409 2008 ·
433 1967 519 2030 nullo
532 1976 628 2053 pacto
639 1968 804 2055 episeopus
815 1992 884 2034 esse
897 1971 1016 2055 potuit,
1027 1994 1099 2035 oum
1114 1972 1237 2057 antiqui
1253 1996 1362 2038 omnes
1375 1976 1479 2061 Scrip-

432 2076 519 2133 tores
533 2091 606 2133 eum
621 2092 684 2134 non
700 2073 842 2150 Arabia,
858 2074 915 2137 sed
931 2074 1174 2160 Mesopotamiae
1189 2076 1369 2162 episcopum
1381 2077 1479 2142 fuisse

433 2172 576 2237 tradant.
608 2172 823 2238 Posteriorem
838 2175 924 2259 apud
940 2175 1158 2259 Epiphaniam
1172 2176 1480 2261 lectionem‚proeter

433 2274 562 2341 Petrum
577 2276 728 2353 Siculum,
742 2284 839 2361 atque
855 2277 1018 2355 Photiuni,
1034 2280 1170 2362 probare
1185 2279 1313 2363 insuper
1331 2280 1479 2344 videntur

430 2383 504 2441 acta
526 2377 595 2462 ipsa
617 2378 842 2463 disputationis
863 2378 1015 2443 Archelai
1035 2402 1106 2443 oum
1129 2383 1272 2456 Moneta,
1292 2382 1477 2465 inquorum

430 2479 521 2543 initio
550 2480 677 2556 dicitur,
710 2481 881 2545 Thesaurus
910 2504 1006 2558 omae,
1032 2483 1095 2546 eive
1123 2483 1289 2568 dr'aputotio
1314 2482 1419 2548 debito
1445 2484 1478 2547 ia

431 2581 588 2647 crareker
600 2583 722 2647 civitate
729 2583 965 2668 Mesopotamiae.
1000 2585 1115 2647 Verum
1128 2605 1200 2646 cum
1212 2583 1342 2647 inferius
1351 2606 1422 2669 cap.
1435 2585 1476 2648 iii.

428 2684 583 2749 Chartam
608 2684 759 2761 habeant,
782 2706 916 2769 eamque
938 2684 1182 2768 Mesopotamiae
1207 2686 1318 2748 urbem
1340 2707 1408 2748 esse
1431 2686 1478 2748 di-

427 2794 522 2861 cant;
547 2786 619 2849 hinc
634 2786 736 2850 lucide
756 2795 893 2865 constat,
909 2795 976 2852 tam
992 2788 1104 2850 eadem
1124 2794 1207 2863 acta,
1224 2808 1319 2870 quam
1336 2787 1477 2871 Epipha

427 2888 523 2966 nium,
549 2896 583 2952 et
611 2888 699 2964 alios,
729 2888 949 2974 intelligendos
975 2877 1108 2951 esse'dc
1135 2886 1245 2951 Carris
1270 2886 1476 2953 celeberrima

429 2990 671 3074 Mesopotamiae
694 2991 792 3063 urbe3
820 2991 903 3054 unde
926 2989 994 3053 vias
1020 2990 1100 3053 duas
1123 2989 1227 3073 regias
1253 2989 1285 3051 in
1310 2990 1475 3054 Persidem

426 3092 577 3156 ducentes
591 3091 742 3176 distingui
759 3092 859 3156 tradit
876 3091 1083 3156 Marcellinus
1098 3091 1151 3155 lib.
1166 3091 1252 3154 xxiii.
1268 3115 1337 3177 cap.
1348 3114 1379 3173 4,
1403 3115 1473 3177 quae

426 3194 503 3258 urbs
526 3194 651 3259 Charra
670 3193 766 3257 ctiam
788 3193 938 3257 scribitur
960 3193 1045 3279 apud
1069 3193 1204 3256 Paulum
1228 3193 1319 3256 Diae.
1335 3194 1367 3256 in
1383 3194 1474 3259 Hist.

426 3294 571 3360 Miscella
585 3296 639 3359 lib.
653 3296 728 3360 xxii.
746 3319 814 3382 cap.
829 3316 878 3362 20.
915 3297 1057 3362 Carchar
1070 3304 1189 3373 autem,
1201 3296 1248 3359 vol
1261 3296 1425 3361 Carchara
1441 3297 1473 3360 in

424 3396 542 3461 eisdem
558 3399 649 3476 actis,
665 3406 698 3463 et
718 3400 802 3483 apud
820 3399 1035 3484 Epiphaniam
1055 3399 1210 3483 scriptum
1225 3398 1321 3461 fuisse
1335 3398 1471 3477 videtur,

424 3499 624 3564 librariorum
644 3501 778 3565 forsitan
802 3524 917 3578 errore,
933 3501 983 3565 vel
1003 3502 1088 3585 quod
1109 3499 1230 3585 vulgari
1252 3499 1472 3582 indigenarum

422 3600 531 3686 lingua
545 3604 593 3667 ita
607 3610 856 3689 nuncuparetur.
881 3606 946 3683 (At
961 3603 1025 3667 vid.
1043 3605 1255 3668 Gannsunruu
1271 3601 1381 3682 infra.)

468 3704 517 3767 De
543 3711 688 3789 tempore
717 3705 815 3769 etiam
841 3704 960 3769 habitae
990 3706 1032 3769 ab
1061 3704 1220 3769 Archelao
1246 3703 1471 3787 disputationis

422 3813 635 3870 consentanea
657 3806 716 3870 sibi
739 3828 939 3890 nequaquam
961 3806 1063 3872 tradit
1086 3804 1305 3890 Epiphanius;
1337 3826 1411 3868 nam
1437 3806 1470 3868 in

348 3963 356 3972 .
422 3904 503 3969 libro
525 3907 565 3971 de
589 3908 748 3972 Mensuris
770 3915 804 3972 ct
831 3909 1030 3972 Ponderibus
1053 3927 1138 3970 num.
1155 3928 1209 3969 xx.
1238 3905 1403 3969 Manetem
1427 3907 1469 3970 ob

423 4015 639 4091 perpetratam
662 4009 759 4094 Regis
782 4009 952 4073 Persarum
974 4009 1030 4072 lilii
1053 4029 1161 4071 necem
1181 4028 1221 4069 ex
1245 4005 1376 4069 Perside
1398 4030 1469 4091 pro·

422 4108 541 4193 iugum,
573 4110 605 4173 in
636 4110 908 4196 Mesopotamiam
938 4132 1022 4174 nono
1059 4109 1234 4183 Valeriani,
1265 4115 1299 4172 et
1330 4109 1468 4174 Gallieni

423 4207 525 4294 lmpp.
553 4233 638 4276 anuo
661 4213 794 4288 vonisse,
820 4213 874 4297 qui
900 4220 950 4278 est
973 4212 1166 4276 Christianae
1185 4232 1259 4274 aerae
1279 4232 1382 4275 annus
1408 4213 1464 4276 du·

420 4312 609 4376 centesimus
624 4337 699 4376 nxn.
721 4315 894 4399 eodemque
916 4323 1061 4400 tempore
1081 4335 1152 4378 eum
1168 4314 1310 4397 ejusdem
1327 4315 1465 4398 regionis

420 4413 568 4498 episcopo
592 4415 771 4499 disputasse
793 4416 902 4479 refert.
950 4418 999 4480 At
1024 4416 1057 4479 in
1079 4416 1191 4480 haeresi
1214 4416 1464 4480 Manichaeorum

421 4516 480 4578 sub
508 4515 611 4600 ipsum
642 4517 747 4601 operis
772 4517 905 4594 initium,
931 4525 965 4582 et
994 4540 1080 4582 num.
1097 4541 1151 4581 xx.
1178 4517 1314 4602 primum
1336 4518 1464 4601 quidem

419 4623 509 4681 ortos
534 4618 630 4683 luisse
655 4618 863 4699 Manichoeos,
892 4642 947 4684 seu
974 4620 1080 4705 potius
1112 4620 1277 4703 antiquam
1308 4619 1348 4681 de
1379 4619 1463 4684 bono

462 4742 530 4783 Vol.»
545 4743 574 4785 V.
931 4744 948 4786 C

478 4832 522 4903 J>
