3817 5692
427 695 490 761 162
654 693 907 759 ARCHELAI
931 694 996 757 ET
1021 693 1241 757 MANETIS

424 869 545 941 vultus
562 870 658 961 ejus3
686 875 741 938 ¹et
758 867 816 938 hic
828 867 852 937 J
855 889 935 938 esus
948 867 1109 938 Christus
1126 868 1302 937 Dominus
1319 867 1474 958 resplen-

425 987 504 1056 duit
516 986 609 1056 sicut
621 983 685 1069 sol,
699 993 737 1054 et
750 982 924 1075 Discipuli
939 985 1017 1076 ejus
1035 1006 1105 1052 uon
1118 992 1284 1075 poterant
1298 982 1474 1074 naspicere

424 1103 462 1171 in
486 1101 614 1170 fatiem
641 1101 716 1192 ejus
741 1108 885 1192 propter
908 1099 1057 1193 gloriam
1075 1099 1194 1170 vultus
1217 1101 1324 1192 ipsius
1348 1108 1385 1169 et
1409 1100 1475 1168 im-

425 1239 587 1288 mensum
610 1216 754 1286 luminis
778 1215 1012 1307 splendorem.
1066 1216 1140 1286 ’lbi
1160 1216 1304 1308 Moyses
1324 1237 1394 1295 eos,
1413 1216 1475 1306 qui

426 1331 598 1402 ⁰vitulum
616 1338 823 1411 statuerant,
842 1329 961 1423 glsdio
986 1332 1137 1423 dejecit;
1163 1341 1201 1400 et
1224 1330 1283 1400 hio
1300 1331 1476 1400 Dominus

425 1448 531 1518 Jesus
548 1449 608 1528 sit,
626 1454 638 1492 ³
653 1444 740 1516 Veni
752 1443 909 1542 stadium
926 1448 1060 1518 mittere
1076 1470 1179 1541 super
1196 1456 1334 1526 tenram,
1353 1455 1384 1516 et
1402 1444 1476 1514 Poli-

425 1562 541 1634 sidere
569 1559 740 1632 hominem
774 1585 796 1631 o
826 1563 991 1655 prosimu
1026 1585 1098 1645 erse,
1134 1572 1171 1633 et
1206 1562 1349 1654 relique.
1401 1562 1476 1631 ⁴lbi

428 1678 574 1773 Moyses
591 1681 652 1748 sin
669 1678 856 1772 caliginem
880 1679 1029 1748 nubium
1057 1701 1164 1770 squas
1190 1678 1379 1748 ferentium
1401 1679 1477 1748 sine

426 1809 528 1867 metu
558 1794 729 1877 incessit;
769 1802 807 1864 et
837 1793 895 1865 hic
924 1792 1100 1866 Dominus
1131 1795 1236 1864 Jesus
1266 1819 1349 1864 cum
1380 1797 1476 1864 omni

427 1919 606 2004 potestate
631 1933 736 2003 super
761 1933 869 2001 squas
894 1911 1100 1982 ambulavit.
1154 1911 1228 1980 ⁵lbi
1247 1911 1392 2004 Moyses
1412 1912 1478 1980 im·

427 2029 564 2119 persvit
589 2026 699 2110 msri3
725 2041 763 2096 et
789 2025 846 2095 hic
870 2025 1046 2097 Dominus
1065 2026 1089 2096 J
1092 2050 1179 2108 esus,
1198 2049 1278 2096 cum
1306 2037 1399 2096 esset
1421 2028 1477 2096 rin

427 2141 526 2223 msri,
543 2163 689 2233 surgens
705 2142 893 2233 imperavit
907 2143 1032 2225 ventis,
1046 2153 1084 2212 et
1102 2144 1200 2212 msri.
1240 2139 1312 2212 ⁶lbi
1335 2141 1478 2234 Moyses

429 2278 510 2326 cum
536 2257 804 2350 impugnaretur
828 2259 985 2327 extensis
1007 2258 1169 2328 manibus
1191 2258 1339 2328 certarit
1356 2258 1479 2327 advor-

428 2395 488 2443 sus
505 2370 701 2455 Amalech3
728 2382 766 2443 et
783 2373 841 2445 hic
858 2374 1035 2445 Dominus
1052 2374 1157 2445 Jesus
1183 2375 1398 2467 impugnatis
1415 2396 1478 2442 no-

429 2490 493 2570 bis,
523 2498 561 2560 et
595 2489 826 2580 pereuntibus
855 2490 1024 2561 violentis
1058 2491 1197 2561 erratici
1232 2491 1385 2582 spiritus,
1417 2491 1478 2580 qui

430 2627 525 2675 nunc
541 2605 596 2673 ⁸in
615 2606 724 2696 justis
750 2615 926 2698 operatur,
943 2608 1100 2676 extensis
1122 2607 1158 2675 in
1183 2629 1288 2676 cruce
1305 2605 1478 2687 menibus,

416 2720 580 2821 ⁴sslutem
598 2721 707 2790 dedit.
758 2721 829 2792 Sed
847 2730 885 2793 et
902 2722 972 2793 slis
992 2723 1106 2793 mults
1122 2731 1308 2815 praetereo,
1325 2720 1480 2791 dilectis-

430 2838 519 2908 sime
538 2835 704 2919 Diodoro,
722 2838 808 2907 dum
830 2838 958 2909 festino
984 2839 1029 2908 sd
1055 2848 1094 2909 te
1111 2838 1290 2908 tlibellum
1307 2837 1403 2907 hunc
1421 2860 1480 2906 ve·

430 2951 557 3022 lociter
588 2953 745 3038 mittere,
779 2976 857 3046 quae
887 2961 928 3023 tu
962 2977 1027 3046 pro
1062 2963 1125 3024 tus
1159 2955 1346 3046 prudentis
1376 2953 1480 3022 fscile

430 3068 563 3162 poteris
587 3091 758 3160 reparare.
809 3067 934 3140 Scribe
956 3079 1079 3141 sutem
1106 3069 1216 3139 umihi
1243 3092 1357 3152 omne,
1385 3068 1479 3160 quod

473 3309 490 3341 ¹¹
504 3299 595 3368 ldem,
609 3301 753 3376 respicere.
796 3299 880 3365 Mox,
894 3301 987 3358 uultus
999 3302 1065 3374 ejss.

472 3407 488 3439 ⁰
503 3397 604 3456 Codex
617 3396 737 3456 Bobien.
751 3397 1009 3472 oitslsmsecerant.

472 3493 610 3552 sMelius
631 3494 765 3571 Vulgata,
779 3495 905 3570 separsn‘
925 3494 1056 3552 domim
1076 3496 1208 3553 adversm
1222 3504 1332 3572 patrem
1353 3513 1438 3561 usus,
1452 3500 1482 3550 et

431 3589 550 3648 Tertull.
565 3591 662 3649 sdver.
678 3591 833 3649 Gnosticos
846 3611 909 3667 csp.
928 3610 974 3649 ιο.
989 3593 1109 3650 dividere
1122 3592 1253 3650 lomim
1268 3593 1318 3650 &c

473 3696 486 3735 ‘³
502 3688 651 3746 Bobiensis
668 3690 769 3756 codex,
784 3690 813 3746 ἐκ
827 3689 952 3766 caliqise.

474 3785 581 3842 rIdem
596 3786 697 3851 codex,
712 3786 740 3842 is
755 3786 830 3843 navi.
875 3786 954 3860 (For.
970 3787 1186 3863 recipiendum.)

475 3881 602 3940 ⁵Codex
618 3882 776 3946 Bobiensis,
792 3882 820 3940 is
836 3884 906 3940 istis.
951 3884 1030 3957 (For.
1051 3885 1165 3960 legend.
1187 3883 1215 3940 in
1235 3883 1354 3956 injustis.
1397 3879 1482 3938 Conl.

433 3980 508 4056 Eph.
524 3981 553 4038 ii.
570 3999 597 4037 2.
640 3981 683 4038 De
698 3980 810 4056 Moysis
828 3991 923 4039 sutem
938 3990 968 4039 et
982 3982 1099 4039 Domini
1113 3982 1182 4040 Jesu
1201 3981 1332 4038 manibus
1346 3978 1481 4043 extensis,

434 4078 538 4136 videsis
553 4079 608 4135 rol.
623 4078 661 4135 ili.
677 4079 828 4154 Reliqsiur.
842 4099 871 4154 p.
883 4083 965 4154 472.)

475 4173 601 4232 tCodex
615 4175 734 4233 Bobien.
750 4176 880 4233 velociter
893 4175 1022 4234 libellum.

475 4283 492 4314 ¹¹
506 4273 595 4341 ldem,
610 4273 685 4338 mitt,
701 4273 882 4341 clarissime,
897 4275 964 4350 quid
971 4284 1076 4350 postes.

496 4447 503 4470 ¹
518 4440 591 4496 Mst.
607 4439 672 4495 xvii.
691 4457 716 4495 s.
881 4446 890 4469 ¹
905 4439 996 4497 Exod.
1011 4440 1101 4497 xxxii.
1277 4436 1374 4493 ’Mat
1390 4454 1418 4491 x.
1434 4451 1483 4506 34.

433 4546 445 4574 ⁴
458 4537 550 4593 Exod.
566 4536 641 4592 xxiv.
656 4537 684 4591 in
692 4536 759 4610 fise.
781 4535 855 4593 Met.
870 4536 925 4592 xiv.
943 4555 959 4592 2
963 4549 990 4612 5.
1074 4541 1082 4572 ⁵
1098 4535 1189 4592 Exod.
1207 4535 1260 4591 xiv.
1282 4533 1354 4590 Mat.
1368 4532 1423 4588 viii.
1436 4531 1483 4588 26.

435 4632 550 4690 ⁶Euod.
566 4633 632 4690 xvii.
