3817 5692
599 696 630 758 S.
656 693 943 758 SCRIPTURAE
969 692 1331 757 ANTE-NICAENA.
1417 691 1483 758 337

435 864 605 955 γενόμενος
631 866 664 935 ἐν
685 868 758 949 ὑμῖν
782 863 868 937 κατὰ
895 866 1078 963 πρόσωπον
1099 871 1166 937 τῶν
1187 866 1272 937 τότε
1295 866 1482 962 ἆνθριίπων,

433 981 449 1047 ε’
469 977 575 1074 ίδαξεν
591 981 733 1079 ἆκριβῶς
758 982 810 1052 καὶ
835 982 980 1069 βεβαίως
1004 978 1065 1053 τόν
1085 981 1162 1079 περὶ
1187 980 1339 1063 ἀληθείας
1364 979 1481 1071 λόγον·

433 1094 468 1172 ὃς
493 1096 545 1165 καὶ
569 1095 661 1166 ἆπιίιν
685 1098 757 1179 ὑμῖν
781 1093 939 1192 ἔγραψεν
963 1093 1158 1182 ἐπιστολὰς,
1184 1098 1227 1172 εἷς
1252 1094 1290 1172 ἃς
1315 1092 1370 1164 ἐὰν
1391 1094 1484 1185 ε’γιιό-

433 1241 551 1294 πτητε,
577 1209 795 1294 θυνηθῆσεσθε
825 1210 1067 1296 οἰκοδομεῖσθαι
1093 1212 1124 1289 ἔς
1148 1211 1208 1295 την
1234 1209 1385 1282 δοθεῖσαν
1411 1210 1484 1291 ὑμῖν

432 1324 559 1396 πίστιν.
586 1349 662 1419 cap.
677 1332 711 1398 3.
728 1351 763 1420 p.
775 1332 860 1397 508.
879 1327 966 1399 edit.
983 1327 1172 1400 Jacobson.

483 1437 593 1535 ΠΑΣι
624 1438 704 1537 γὰρ,
730 1439 765 1517 ὃς
793 1439 834 1510 όν
861 1442 905 1524 μὴ
935 1442 1091 1535 ὁμολογῇ
1115 1441 1243 1524 Ἰησοῦν
1266 1438 1422 1538 Χριστόν
1451 1442 1483 1512 ε’ν

433 1559 532 1654 σαρκὶ
553 1560 751 1643 ἐληλυθέναι,
770 1560 988 1656 ἆντίχριστός
1010 1559 1094 1631 ε’στι·
1121 1560 1158 1649 (l
1173 1559 1281 1632 Joan.
1299 1562 1345 1630 iv.
1360 1560 1409 1650 3.)
1431 1559 1482 1629 καὶ

432 1671 467 1748 ὃς
483 1671 523 1742 ἂν
538 1674 582 1757 μίη
601 1675 755 1768 ὁμολογῇ
777 1673 819 1747 τό
841 1676 1023 1771 μαρτύριον
1039 1681 1101 1747 τοῦ
1117 1682 1271 1772 σταυροῦ,
1289 1676 1322 1743 ε’κ
1339 1681 1399 1745 τοῦ
1416 1673 1484 1745 δια·

432 1788 541 1874 βόλου
567 1790 652 1861 ἐστί.
688 1791 740 1861 καί
768 1790 802 1868 ὃς
829 1788 869 1860 όν
893 1788 1047 1884 μεθοδεύῃ
1076 1788 1121 1861 τὰ
1148 1790 1252 1883 λόγια
1278 1796 1340 1861 τοῦ
1360 1789 1484 1885 Κυρίου

431 1901 515 1999 πρὸς
535 1902 595 1980 τὰς
613 1903 693 1981 idlae
713 1906 892 1989 ἐπιθυμίας,
909 1906 961 1976 καί
985 1906 1070 1999 λε’γη
1093 1909 1178 1989 μήτε
1200 1901 1383 1975 ἆνόστασιν
1399 1908 1485 1987 μήτε

431 2020 537 2115 κρίσιν
563 2017 652 2102 εἶναι,
670 2021 765 2098 οὗτος
788 2021 1004 2118 πραντότοκός
1026 2023 1098 2093 ἐστι
1127 2026 1190 2094 τοῦ
1214 2021 1363 2092 Σατανᾶ.
1391 2021 1481 2093 Ibid.

433 2158 509 2228 cap.
530 2141 563 2212 7.
581 2159 615 2229 p.
628 2142 712 2208 518.

837 2307 874 2377 S.
894 2307 1077 2379 Innnnns.

482 2450 569 2522 Non
592 2453 688 2521 enim
714 2475 778 2545 per
798 2453 885 2524 alios
911 2454 1179 2547 dispositionem
1206 2455 1329 2527 salutis
1355 2464 1482 2527 nostne

431 2568 672 2661 eognovimus,
687 2590 791 2659 quam
812 2590 874 2659 per
891 2590 961 2650 eos,
979 2590 1042 2660 per
1058 2590 1146 2660 qnos
1163 2568 1386 2662 evangelium
1403 2591 1483 2661 per-

431 2683 530 2751 venit
563 2682 608 2752 ad
642 2704 728 2764 nos;
759 2681 853 2773 quod
884 2682 1029 2774 quidem
1059 2691 1145 2753 tuno
1180 2691 1481 2775 praeoonoverunt‚

430 2806 553 2890 postea
570 2820 653 2867 vero
678 2819 743 2890 per
766 2796 836 2867 Dei
859 2796 1081 2868 voluntatem
1106 2800 1144 2868 in
1165 2798 1355 2892 seripturis
1380 2799 1482 2871 nobis

430 2913 663 2996 tradiderunt,
681 2914 956 2983 fundamentum
973 2922 1011 2984 et
1028 2914 1229 2984 columnam
1247 2914 1330 2984 fidei
1354 2923 1482 2986 nostrae

430 3029 602 3099 futurum.
656 3027 788 3101 Contra
800 3026 973 3109 Haereses,
991 3029 1052 3100 lib.
1069 3030 1118 3101 iii.
1133 3053 1208 3123 esp.
1224 3036 1257 3100 1.
1274 3050 1308 3124 p.
1323 3035 1405 3106 173.
1425 3031 1480 3102 ed.

430 3143 567 3215 Bened.
579 3142 714 3215 Venet.
745 3144 837 3214 Tum
855 3144 1022 3237 deinceps
1039 3145 1195 3216 ostendit
1214 3146 1380 3228 Irenaeus
1398 3168 1482 3237 apo·

429 3258 539 3329 stolos
565 3258 702 3329 indutos
731 3258 1000 3353 ςυρειοουίααίίς
1025 3258 1183 3353 Spiritus
1207 3258 1332 3332 Sancti
1357 3260 1482 3332 virtute

429 3397 474 3443 ου
490 3370 562 3444 alto
574 3370 764 3468 perfectam
783 3374 992 3471 aynitionem
1010 3372 1176 3446 Ιιαθιιίςςυ.

476 3486 547 3581 Ἐξ
570 3487 611 3558 ὧν
635 3487 787 3585 φανερὸν,
806 3488 859 3559 ὅτι
886 3490 904 3557 ὁ
930 3494 996 3560 τῶν
1013 3485 1167 3562 ἀπόντων
1183 3490 1333 3587 τεχνίτης
1351 3487 1482 3581 Λόγος,

428 3606 447 3673 ὁ
473 3608 649 3686 καθήμενος
675 3603 728 3674 ἐπί
753 3602 813 3675 τόν
831 3602 1018 3694 Χερουβὶμ,
1043 3605 1096 3675 καὶ
1122 3606 1263 3703 συνέχων
1287 3604 1332 3677 τό
1357 3602 1480 3689 edna,

429 3719 626 3815 φανερωθείς
649 3730 720 3797 τοῖς
743 3720 936 3815 ἀνθρώποις,
953 3720 1063 3791 ἔδωκεν
1087 3725 1160 3803 ἡμῖν
1179 3718 1420 3819 τεκρόμορφον
1436 3720 1479 3793 τό

429 3835 636 3926 εὖαγγελιου,
654 3837 697 3906 ἑνὶ
722 3834 756 3906 δὲ
780 3835 950 3919 Πνεόματι
976 3838 1200 3935 συνεχόμενον.
1226 3839 1317 3909 Ιδὶθ.
1336 3862 1411 3932 cap.
1429 3840 1477 3911 xi.

429 3948 460 4044 i·
476 3955 510 4026 ⁷.
528 3974 561 4043 p.
577 3956 660 4030 190.

477 4065 678 4136 Praevidens
690 4065 843 4159 Spiritus
854 4068 1007 4140 Sanetus
1018 4071 1319 4164 depravatores‚et
1328 4092 1479 4163 praemu-

427 4181 529 4250 niens
542 4188 666 4251 contra
675 4181 951 4255 fraudulentiam
963 4207 1099 4272 eorum,
1110 4209 1173 4278 per
1184 4185 1400 4256 Matthaenm
1410 4187 1488 4269 ain.

430 4289 568 4365 Christi
583 4303 695 4366 αιιίοια
708 4298 886 4393 ρουεναίὶο
902 4298 954 4369 sio
970 4308 1054 4370 erat
1082 4297 1174 4370 Ibid.
1192 4322 1267 4393 cap.
1282 4302 1352 4371 xvi.
1372 4300 1400 4401 i.
1416 4308 1450 4371 2.

476 4448 578 4465 -—
593 4411 645 4481 καὶ
662 4414 702 4486 ὡς
719 4412 957 4496 ἀπεμνημόνευε
973 4414 1049 4490 τοὺς
1066 4416 1189 4507 λόγους
1206 4417 1309 4487 αὐτῶν
1327 4418 1406 4507 (τῶν
1423 4419 1477 4487 dno·

428 4524 576 4620 ρακότωυ
593 4525 653 4597 τόν
668 4527 820 4624 Κύριον),
833 4530 886 4599 καί
903 4533 979 4626 περὶ
995 4538 1058 4602 τοῦ
1076 4532 1200 4630 Κυρίου
1215 4533 1288 4604 τίνα
1306 4534 1341 4615 ἦν
1358 4534 1379 4603 d
1397 4535 1477 4629 παρ’

426 4639 546 4709 ἐκείνων
560 4640 686 4722 ἀκηκόει
701 4643 945 4739 (polycarpus)
958 4648 1010 4717 καὶ
1028 4650 1102 4744 περὶ
1120 4652 1185 4718 τῶν
1199 4646 1355 4731 όυνόμεων
1368 4648 1476 4730 αὑτοῦ,

902 4781 923 4820 Χ
939 4781 962 4821 Χ
980 4779 997 4824 2
