3817 5692
572 714 638 775 200
796 709 1051 773 ARCHELAI
1080 709 1144 771 ET
1178 706 1395 770 MANETIS

572 884 664 985 ἔχων
682 879 724 959 τὸ
739 879 871 977 στόμα,
889 879 962 958 ἀπὸ
984 880 1225 982 βλασφημίας
1251 884 1394 978 πρῶτον
1419 884 1481 954 τοῦ
1509 910 1616 974 ποιη-

571 1017 634 1088 τοῦ
658 1014 730 1086 τῶν
749 1006 918 1087 ἁπάντων
942 1006 1088 1111 ἤρξατο,
1107 1005 1273 1108 φᾶσκων·
1303 1004 1352 1083 Ὀ
1376 1007 1439 1100 τῆς
1461 1009 1619 1085 παλαιᾶς

572 1135 664 1218 Θεὸς
682 1141 800 1213 κακῶν
813 1137 914 1212 ἐστιν
929 1131 1080 1233 εὑρετὴς,
1099 1131 1216 1230 λέγων
1234 1133 1314 1229 περὶ
1331 1130 1468 1207 ἑαυτοῦ·
1499 1128 1619 1230 (ΙἘγὼ

570 1270 643 1361 πῦρ
662 1259 941 1338 κατανάλισκον.
982 1261 1002 1337 5
1027 1258 1065 1336 δὲ
1088 1257 1206 1362 σοφὸν
1223 1256 1421 1360 Ἀρχελαος
1447 1255 1618 1361 ῦπεξέλυε

572 1389 637 1486 τὴν
668 1388 922 1490 βλασφημίαν,
953 1384 1074 1464 εἰπών·
1115 1390 1160 1463 El
1192 1386 1212 1462 5
1243 1387 1307 1482 τῆς
1336 1389 1493 1465 παλαιᾶς
1524 1382 1618 1465 Θεὸς

571 1512 663 1592 κατὰ
691 1511 755 1591 τὸν
783 1512 854 1591 σὸν
882 1510 1006 1611 λόγον,
1034 1518 1106 1612 πῦρ
1134 1507 1259 1588 ἑαυτὸν
1287 1510 1395 1609 λέγει,
1420 1510 1512 1591 τίνος
1544 1508 1618 1592 υἱός

571 1643 671 1718 ἐστιν
697 1640 717 1716 5
747 1638 875 1739 λέγων,
896 1642 977 1739 Πῦρ
1009 1635 1123 1735 ἦλθον
1144 1643 1272 1729 βαλεῖν
1293 1639 1350 1714 έπὶ
1377 1635 1442 1733 τὴν
1459 1640 1553 1736 γῆν;
1587 1642 1618 1715 εί

570 1767 695 1870 μέμφῃ
713 1764 777 1843 τὸν
791 1763 954 1865 λέγοντα,
971 1761 1102 1864 Κύριος
1120 1767 1271 1840 θανατοῖ
1285 1766 1343 1839 καὶ
1362 1762 1536 1864 ζωογονεῖ·
1558 1761 1618 1840 διὰ

571 1894 609 1969 τί
630 1899 736 1996 τιμᾷς
756 1890 905 1992 Πέτρον,
924 1889 990 1987 τὴν
1008 1888 1176 1983 Ταβιθὰν
1200 1888 1264 1985 μὲν
1282 1889 1474 1989 ἐγείραντα
1492 1887 1559 1986 τὴν
1578 1887 1618 1967 δὲ

572 2019 782 2121 Σαπφείραν
800 2014 1086 2109 θανατώσαντα;
1118 2021 1148 2093 εί
1170 2014 1208 2091 δὲ
1233 2018 1290 2091 καὶ
1313 2014 1447 2118 μέμφῃ,
1467 2012 1520 2091 ὅτι
1542 2021 1618 2115 πῦρ

571 2143 756 2240 ἡτοίμασε,
775 2140 833 2218 διὰ
856 2142 891 2217 τὶ
916 2141 959 2217 οῦ
986 2141 1110 2245 μέμφῃ
1137 2141 1201 2218 τὸν
1223 2140 1387 2240 λέγοντα,
1413 2140 1618 2240 Πορεύεσθε

570 2269 646 2345 ’ἀπ’
666 2269 752 2363 ε’μοῦ
777 2272 826 2349 είς
850 2263 892 2343 τὸ
916 2275 990 2365 πῦρ
1008 2267 1050 2344 τὸ
1068 2267 1234 2361 αίῶνιον;
1266 2272 1295 2344 εί
1318 2265 1443 2370 μέμφῃ
1468 2262 1531 2342 τὸν
1549 2264 1613 2342 λε’-

571 2463 748 2547 sepulerum
769 2470 881 2546 patens
904 2472 983 2540 erat,
1006 2464 1069 2548 pri·
1120 2463 1212 2535 tilius,
1237 2464 1289 2546 qui
1312 2464 1376 2526 ait:
1399 2464 1523 2545 3Ionem
1547 2463 1618 2525 οεαί

570 2569 657 2611 mum
671 2569 692 2611 s
711 2547 907 2631 blasphemia
929 2549 961 2612 in
983 2571 1069 2612 orea-
1118 2549 1283 2612 miamin
1297 2552 1435 2611 imm?
1459 2548 1491 2610 Si
1506 2547 1618 2631 oulpas

571 2641 674 2696 torem
685 2634 837 2708 omnium,
848 2634 973 2697 initium
985 2656 1068 2698 sum·
1120 2656 1192 2697 eum
1221 2634 1274 2716 qui
1304 2634 1401 2697 dicit:
1439 2634 1616 2696 4Βοννὶααε

570 2718 624 2787 sit.
642 2718 804 2801 inquiens:
830 2719 945 2782 veteris
967 2727 1066 2783 testa·
1118 2720 1279 2800 mortificat
1292 2730 1319 2782 α
1334 2719 1488 2799 vivifiea&
1506 2740 1618 2801 quam-

570 2804 669 2866 menti
682 2805 783 2878 Deus,
791 2803 947 2866 malorum
962 2804 1067 2867 invon-
1118 2805 1227 2867 obrem
1238 2804 1369 2866 Petrum
1379 2803 1464 2877 colis,
1471 2804 1524 2887 qui
1535 2802 1617 2866 ⁵Ta·

571 2896 624 2951 tor
644 2897 704 2963 est,
726 2889 765 2951 de
791 2911 826 2951 se
851 2889 918 2972 ipse
940 2890 1065 2953 dicens:
1118 2890 1241 2953 bithsm
1261 2910 1282 2952 α
1301 2889 1435 2952 mortuis
1450 2888 1616 2963 excitavit,

571 2974 655 3056 ΙᾸΕρο
669 2974 751 3057 ἱραία
766 2995 947 3036 oonsumens.
986 2973 1068 3037 Tum
1117 2984 1151 3038 et
1166 2974 1375 3057 ⁶Sapphiram
1398 2973 1492 3037 morti
1515 2973 1616 3036 tredi-

570 3059 696 3141 sapiens
713 3058 890 3121 Archelaus
909 3059 992 3122 hono
1007 3059 1066 3121 sol·
1117 3060 1190 3122 dit?
1228 3059 1262 3121 Si
1289 3059 1366 3121 vitio
1393 3059 1501 3134 vertis,
1527 3059 1615 3142 quod

570 3141 615 3205 vit
659 3143 871 3226 refutavitque
919 3143 1065 3228 blasphs·
1118 3145 1243 3228 ⁷ignem
1273 3144 1483 3227 pnepamvit3
1515 3165 1616 3227 quare

570 3227 666 3289 miam
688 3227 738 3290 his
760 3228 881 3290 verbis:
903 3229 930 3291 si
952 3229 1067 3292 veteris
1117 3230 1202 3292 huno
1228 3250 1291 3290 non
1317 3228 1421 3312 esrpis
1443 3229 1495 3313 qui
1516 3228 1613 3292 dicit:

572 3312 661 3374 Deus
681 3313 875 3389 testamenti,
890 3324 927 3377 ut
947 3314 1030 3388 αἱαὶ
1054 3351 1067 3363 -
1119 3313 1298 3377 ⁸Disosdito
1326 3336 1348 3377 ο
1379 3337 1426 3378 ms
1453 3316 1488 3376 in
1517 3314 1617 3397 ἱραονα

570 3418 641 3459 nem
665 3418 698 3459 se
722 3397 810 3473 dicit,
831 3399 919 3482 cujus
943 3336 1067 3462 ostilio
1118 3402 1294 3463 oeternum?
1339 3400 1372 3462 Si
1410 3398 1616 3484 reprehendis

609 3582 707 3654 ‘1'pr
728 3585 793 3657 πῦρ]
819 3583 912 3641 codd.
928 3585 1016 3643 Coisl.
1030 3585 1131 3643 Ottob.
1146 3586 1216 3651 Roe.
1233 3586 1354 3642 casaub.
1371 3588 1423 3657 ἐγὼ
1443 3589 1458 3639 5
1476 3588 1541 3641 Θεὸς
1560 3587 1616 3656 πῦρ

570 3701 625 3734 κατ.
662 3677 720 3735 Sed
734 3679 764 3735 in
779 3679 846 3737 MS.
862 3680 962 3738 ottob.
977 3682 1058 3739 deest
1071 3682 1205 3739 articulus
1218 3687 1242 3738 ὁ.
1285 3682 1318 3738 In
1332 3682 1395 3737 loco
1409 3691 1502 3738 sutem
1518 3681 1614 3755 Scrip-

570 3785 640 3830 turae
665 3776 761 3840 citato,
783 3795 840 3833 non
866 3778 953 3842 Deus,
976 3780 1028 3835 sed
1048 3779 1166 3855 Moyses
1190 3780 1226 3836 de
1246 3780 1308 3836 Deo
1332 3780 1361 3835 in
1386 3781 1470 3835 tertia
1493 3798 1616 3854 persona

570 3869 702 3943 loquitur,
716 3873 766 3936 ita,
784 3872 877 3945 Κῦριος
890 3878 905 3928 5
918 3878 984 3931 θεός
997 3898 1057 3943 σου,
1071 3879 1124 3947 πῦρ
1137 3877 1325 3930 καταναλίσκον
1338 3874 1406 3930 ἔστί.
1431 3875 1517 3931 lusu.

610 3967 681 4022 ‘dn'
695 3969 770 4040 ἐμοῦ]
789 3968 885 4025 Verba
898 3971 959 4026 haec
974 3971 1169 4028 desiderantur
1182 3972 1210 4027 in
1224 3970 1307 4027 codd.
1322 3969 1423 4027 ottob.
1439 3972 1526 4028 Coisl.
1543 3973 1615 4037 Roe,

571 4061 691 4118 Cssaub.
707 4064 796 4121 Grod.
811 4066 896 4122 Petro
911 4067 970 4123 Sic.
1013 4067 1099 4124 Paulo
1114 4078 1187 4142 post,
1202 4067 1232 4123 in
1251 4068 1311 4123 Roe
1333 4077 1362 4123 et
1380 4069 1498 4125 Cessub.
1516 4071 1613 4126 scribi·

570 4166 626 4221 tur,
640 4160 691 4229 ἐγὼ
711 4162 726 4212 ό
747 4164 822 4228 θεὸς,
841 4165 857 4215 ὀ
878 4169 967 4227 ποιῶν,
981 4165 1110 4237 proxime
1134 4165 1170 4220 ad
1194 4182 1305 4219 sacrum
1328 4173 1448 4220 textum.
1491 4164 1617 4239 Cyrillus

570 4254 630 4326 ipse
646 4253 753 4311 Catech.
770 4257 807 4311 ix.
824 4278 851 4313 n.
861 4258 908 4314 vii.
929 4260 1020 4315 citans
1034 4260 1180 4333 sequentis
1194 4260 1278 4333 hujus
1292 4259 1447 4333 prophetici
1461 4263 1616 4320 testimonii

632 4402 738 4458 'Dent
755 4404 790 4458 iv.
809 4422 855 4474 24.
978 4415 987 4443 ³
1001 4408 1068 4463 Luc.
1084 4408 1132 4463 xii.
1148 4426 1198 4483 49.
1319 4413 1329 4440 ⁴
1346 4424 1357 4461 1
1374 4406 1445 4481 Reg.
1460 4408 1488 4463 ii.
1504 4408 1531 4463 6.

631 4501 639 4532 ⁸
655 4497 723 4554 Act.
739 4500 776 4555 ix.
793 4518 841 4571 40.
974 4502 984 4530 ⁶
999 4503 1073 4560 lbid.
1089 4524 1116 4560 v.
1137 4522 1181 4559 ro.
1317 4503 1424 4559 ’Deut
1440 4504 1527 4560 mii.
1542 4522 1590 4562 22.

631 4589 740 4649 ‘Mate
756 4613 822 4651 xxv.
838 4614 886 4667 4¹·
