<?xml version="1.0" encoding="UTF-8"?>
<!DOCTYPE html PUBLIC "-//W3C//DTD XHTML 1.0 Transitional//EN"
    "http://www.w3.org/TR/xhtml1/DTD/xhtml1-transitional.dtd">
<html xmlns="http://www.w3.org/1999/xhtml" xml:lang="en" lang="en">
 <head>
  <title>
</title>
<meta http-equiv="Content-Type" content="text/html;charset=utf-8" />
  <meta name='ocr-system' content='tesseract 3.04.00' />
  <meta name='ocr-capabilities' content='ocr_page ocr_carea ocr_par ocr_line ocrx_word'/>
</head>
<body>
  <div class='ocr_page' id='page_1' title='image "./reliquiaesacrae02routgoog_0073.png"; bbox 0 0 3817 5692; ppageno 0'>
   <div class='ocr_carea' id='block_1_1' title="bbox 797 699 1475 770">
    <p class='ocr_par' dir='ltr' id='par_1_1' title="bbox 797 699 1475 770">
     <span class='ocr_line' id='line_1_1' title="bbox 797 699 1475 770; baseline 0.01 -10"><span class='ocrx_word' id='word_1_1' title='bbox 797 699 1106 763; x_wconf 83' lang='lat' dir='ltr'><strong>DISPUTATIO.</strong></span> <span class='ocrx_word' id='word_1_2' title='bbox 1433 705 1475 770; x_wconf 83' lang='lat'>59</span> 
     </span>
    </p>
   </div>
   <div class='ocr_carea' id='block_1_2' title="bbox 426 868 1476 2115">
    <p class='ocr_par' dir='ltr' id='par_1_2' title="bbox 426 868 1476 2115">
     <span class='ocr_line' id='line_1_2' title="bbox 428 868 1473 973; baseline 0.002 -23"><span class='ocrx_word' id='word_1_3' title='bbox 428 875 635 972; x_wconf 83' lang='grc' dir='ltr'>θερισθῶσι,</span> <span class='ocrx_word' id='word_1_4' title='bbox 650 875 708 950; x_wconf 84' lang='grc' dir='ltr'>καὶ</span> <span class='ocrx_word' id='word_1_5' title='bbox 727 876 876 950; x_wconf 86' lang='grc' dir='ltr'>κοπῶσι·</span> <span class='ocrx_word' id='word_1_6' title='bbox 906 875 964 950; x_wconf 82' lang='grc' dir='ltr'>καὶ</span> <span class='ocrx_word' id='word_1_7' title='bbox 983 870 1016 948; x_wconf 83' lang='grc' dir='ltr'>εί</span> <span class='ocrx_word' id='word_1_8' title='bbox 1030 904 1083 953; x_wconf 75' lang='grc' dir='ltr'>τις</span> <span class='ocrx_word' id='word_1_9' title='bbox 1101 868 1212 948; x_wconf 80' lang='grc' dir='ltr'>πάλιν</span> <span class='ocrx_word' id='word_1_10' title='bbox 1225 872 1335 949; x_wconf 82' lang='grc' dir='ltr'>ἐσθίει</span> <span class='ocrx_word' id='word_1_11' title='bbox 1353 873 1473 973; x_wconf 78' lang='grc' dir='ltr'>ἄρτον,</span> 
     </span>
     <span class='ocr_line' id='line_1_3' title="bbox 427 996 1474 1100; baseline 0.006 -24"><span class='ocrx_word' id='word_1_12' title='bbox 427 997 565 1099; x_wconf 81' lang='grc' dir='ltr'>ἀνάγκη</span> <span class='ocrx_word' id='word_1_13' title='bbox 584 1001 642 1077; x_wconf 77' lang='grc' dir='ltr'>καὶ</span> <span class='ocrx_word' id='word_1_14' title='bbox 661 997 769 1077; x_wconf 82' lang='grc' dir='ltr'>αὐτὸν</span> <span class='ocrx_word' id='word_1_15' title='bbox 787 1003 980 1100; x_wconf 74' lang='grc' dir='ltr'>βρωθῆναι,</span> <span class='ocrx_word' id='word_1_16' title='bbox 1000 998 1109 1099; x_wconf 78' lang='grc' dir='ltr'>ἄρτον</span> <span class='ocrx_word' id='word_1_17' title='bbox 1128 996 1327 1099; x_wconf 78' lang='grc' dir='ltr'>γενόμενον.</span> <span class='ocrx_word' id='word_1_18' title='bbox 1374 999 1408 1078; x_wconf 81' lang='grc' dir='ltr'>εἴ</span> <span class='ocrx_word' id='word_1_19' title='bbox 1421 1035 1474 1083; x_wconf 73' lang='grc' dir='ltr'>τις</span> 
     </span>
     <span class='ocr_line' id='line_1_4' title="bbox 427 1124 1472 1229; baseline 0.001 -26"><span class='ocrx_word' id='word_1_20' title='bbox 427 1126 594 1227; x_wconf 80' lang='grc' dir='ltr'>φονεύσει</span> <span class='ocrx_word' id='word_1_21' title='bbox 608 1126 772 1225; x_wconf 75' lang='grc' dir='ltr'>ὀρνίθιον,</span> <span class='ocrx_word' id='word_1_22' title='bbox 788 1126 940 1226; x_wconf 77' lang='grc' dir='ltr'>ὀρνίθιον</span> <span class='ocrx_word' id='word_1_23' title='bbox 954 1125 1070 1203; x_wconf 78' lang='grc' dir='ltr'>ἔσται.</span> <span class='ocrx_word' id='word_1_24' title='bbox 1097 1124 1130 1202; x_wconf 82' lang='grc' dir='ltr'>εἴ</span> <span class='ocrx_word' id='word_1_25' title='bbox 1141 1158 1194 1207; x_wconf 74' lang='grc' dir='ltr'>τις</span> <span class='ocrx_word' id='word_1_26' title='bbox 1208 1125 1375 1229; x_wconf 81' lang='grc' dir='ltr'>φονεύσει</span> <span class='ocrx_word' id='word_1_27' title='bbox 1392 1135 1472 1222; x_wconf 83' lang='grc' dir='ltr'>μῦν,</span> 
     </span>
     <span class='ocr_line' id='line_1_5' title="bbox 426 1249 1474 1349; baseline 0.001 -21"><span class='ocrx_word' id='word_1_28' title='bbox 426 1254 485 1329; x_wconf 80' lang='grc' dir='ltr'>καὶ</span> <span class='ocrx_word' id='word_1_29' title='bbox 507 1249 614 1335; x_wconf 76' lang='grc' dir='ltr'>αὐτὸς</span> <span class='ocrx_word' id='word_1_30' title='bbox 632 1260 699 1349; x_wconf 73' lang='grc' dir='ltr'>μῦν</span> <span class='ocrx_word' id='word_1_31' title='bbox 718 1252 834 1332; x_wconf 76' lang='grc' dir='ltr'>ἔσται.</span> <span class='ocrx_word' id='word_1_32' title='bbox 883 1251 916 1330; x_wconf 81' lang='grc' dir='ltr'>εἴ</span> <span class='ocrx_word' id='word_1_33' title='bbox 936 1286 990 1334; x_wconf 73' lang='grc' dir='ltr'>τις</span> <span class='ocrx_word' id='word_1_34' title='bbox 1007 1250 1120 1330; x_wconf 78' lang='grc' dir='ltr'>πάλιν</span> <span class='ocrx_word' id='word_1_35' title='bbox 1145 1253 1223 1328; x_wconf 79' lang='grc' dir='ltr'>ἐστὶ</span> <span class='ocrx_word' id='word_1_36' title='bbox 1241 1252 1418 1333; x_wconf 78' lang='grc' dir='ltr'>πλούσιοι</span> <span class='ocrx_word' id='word_1_37' title='bbox 1436 1256 1474 1332; x_wconf 83' lang='grc' dir='ltr'>ἐν</span> 
     </span>
     <span class='ocr_line' id='line_1_6' title="bbox 426 1376 1473 1486; baseline 0.006 -31"><span class='ocrx_word' id='word_1_38' title='bbox 426 1376 540 1484; x_wconf 79' lang='grc' dir='ltr'>τούτῳ</span> <span class='ocrx_word' id='word_1_39' title='bbox 558 1384 610 1485; x_wconf 75' lang='grc' dir='ltr'>τῷ</span> <span class='ocrx_word' id='word_1_40' title='bbox 626 1376 764 1486; x_wconf 79' lang='grc' dir='ltr'>κόσμῳ,</span> <span class='ocrx_word' id='word_1_41' title='bbox 783 1382 840 1458; x_wconf 81' lang='grc' dir='ltr'>καὶ</span> <span class='ocrx_word' id='word_1_42' title='bbox 858 1378 920 1457; x_wconf 82' lang='grc' dir='ltr'>ἐὰν</span> <span class='ocrx_word' id='word_1_43' title='bbox 938 1376 1069 1483; x_wconf 72' lang='grc' dir='ltr'>ἐξέλθῃ</span> <span class='ocrx_word' id='word_1_44' title='bbox 1091 1380 1130 1455; x_wconf 86' lang='grc' dir='ltr'>ἐκ</span> <span class='ocrx_word' id='word_1_45' title='bbox 1154 1385 1218 1455; x_wconf 81' lang='grc' dir='ltr'>τοῦ</span> <span class='ocrx_word' id='word_1_46' title='bbox 1236 1378 1473 1475; x_wconf 74' lang='grc' dir='ltr'>σκηνώματοι</span> 
     </span>
     <span class='ocr_line' id='line_1_7' title="bbox 427 1503 1473 1607; baseline 0.001 -27"><span class='ocrx_word' id='word_1_47' title='bbox 427 1505 545 1599; x_wconf 82' lang='grc' dir='ltr'>αὐτοῦ,</span> <span class='ocrx_word' id='word_1_48' title='bbox 559 1503 699 1606; x_wconf 78' lang='grc' dir='ltr'>ἀνάγκη</span> <span class='ocrx_word' id='word_1_49' title='bbox 713 1504 820 1585; x_wconf 82' lang='grc' dir='ltr'>αὐτὸν</span> <span class='ocrx_word' id='word_1_50' title='bbox 832 1512 879 1588; x_wconf 79' lang='grc' dir='ltr'>εἰς</span> <span class='ocrx_word' id='word_1_51' title='bbox 897 1514 1044 1607; x_wconf 81' lang='grc' dir='ltr'>πτωχοῦ</span> <span class='ocrx_word' id='word_1_52' title='bbox 1059 1509 1169 1601; x_wconf 81' lang='grc' dir='ltr'>σῶμα</span> <span class='ocrx_word' id='word_1_53' title='bbox 1180 1508 1473 1604; x_wconf 76' lang='grc' dir='ltr'>μεταγγισθῆναι,</span> 
     </span>
     <span class='ocr_line' id='line_1_8' title="bbox 427 1625 1475 1733; baseline 0 -26"><span class='ocrx_word' id='word_1_54' title='bbox 427 1625 522 1707; x_wconf 80' lang='grc' dir='ltr'>ὥστε</span> <span class='ocrx_word' id='word_1_55' title='bbox 549 1641 812 1733; x_wconf 82' lang='grc' dir='ltr'>περιπατοῦντα</span> <span class='ocrx_word' id='word_1_56' title='bbox 829 1630 937 1710; x_wconf 83' lang='grc' dir='ltr'>αὐτὸν</span> <span class='ocrx_word' id='word_1_57' title='bbox 961 1633 1162 1728; x_wconf 77' lang='grc' dir='ltr'>ε’παιτησαι,</span> <span class='ocrx_word' id='word_1_58' title='bbox 1179 1634 1236 1708; x_wconf 79' lang='grc' dir='ltr'>καὶ</span> <span class='ocrx_word' id='word_1_59' title='bbox 1255 1628 1344 1726; x_wconf 83' lang='grc' dir='ltr'>μετὰ</span> <span class='ocrx_word' id='word_1_60' title='bbox 1362 1638 1475 1708; x_wconf 84' lang='grc' dir='ltr'>ταῦτα</span> 
     </span>
     <span class='ocr_line' id='line_1_9' title="bbox 427 1755 1476 1853; baseline 0.003 -18"><span class='ocrx_word' id='word_1_61' title='bbox 427 1758 588 1837; x_wconf 79' lang='grc' dir='ltr'>ἀνελθεῖν</span> <span class='ocrx_word' id='word_1_62' title='bbox 607 1756 715 1837; x_wconf 72' lang='grc' dir='ltr'>αὐτὸν</span> <span class='ocrx_word' id='word_1_63' title='bbox 733 1765 781 1842; x_wconf 76' lang='grc' dir='ltr'>εἰς</span> <span class='ocrx_word' id='word_1_64' title='bbox 801 1758 954 1838; x_wconf 88' lang='grc' dir='ltr'>κόλασιν</span> <span class='ocrx_word' id='word_1_65' title='bbox 972 1758 1123 1836; x_wconf 76' lang='grc' dir='ltr'>αἰώνιον.</span> <span class='ocrx_word' id='word_1_66' title='bbox 1169 1766 1232 1835; x_wconf 84' lang='grc' dir='ltr'>τοῦ</span> <span class='ocrx_word' id='word_1_67' title='bbox 1252 1755 1288 1833; x_wconf 77' lang='grc' dir='ltr'>δὲ</span> <span class='ocrx_word' id='word_1_68' title='bbox 1307 1755 1476 1853; x_wconf 75' lang='grc' dir='ltr'>σώματος</span> 
     </span>
     <span class='ocr_line' id='line_1_10' title="bbox 427 1879 1475 1989; baseline -0.001 -29"><span class='ocrx_word' id='word_1_69' title='bbox 427 1881 553 1962; x_wconf 88' lang='grc' dir='ltr'>τούτου</span> <span class='ocrx_word' id='word_1_70' title='bbox 578 1882 680 1969; x_wconf 74' lang='grc' dir='ltr'>ὄντος</span> <span class='ocrx_word' id='word_1_71' title='bbox 707 1891 780 1964; x_wconf 85' lang='grc' dir='ltr'>τῶν</span> <span class='ocrx_word' id='word_1_72' title='bbox 804 1885 1023 1989; x_wconf 81' lang='grc' dir='ltr'>Ἀρχόντων,</span> <span class='ocrx_word' id='word_1_73' title='bbox 1043 1888 1099 1963; x_wconf 76' lang='grc' dir='ltr'>καὶ</span> <span class='ocrx_word' id='word_1_74' title='bbox 1128 1889 1191 1982; x_wconf 72' lang='grc' dir='ltr'>τῆς</span> <span class='ocrx_word' id='word_1_75' title='bbox 1220 1885 1318 1981; x_wconf 71' lang='grc' dir='ltr'>ὕλην,</span> <span class='ocrx_word' id='word_1_76' title='bbox 1337 1879 1475 1982; x_wconf 77' lang='grc' dir='ltr'>ἀνάγκη</span> 
     </span>
     <span class='ocr_line' id='line_1_11' title="bbox 427 2005 1476 2115; baseline 0.004 -28"><span class='ocrx_word' id='word_1_77' title='bbox 427 2005 490 2088; x_wconf 79' lang='grc' dir='ltr'>τὸν</span> <span class='ocrx_word' id='word_1_78' title='bbox 509 2011 707 2115; x_wconf 77' lang='grc' dir='ltr'>φονεύοντα</span> <span class='ocrx_word' id='word_1_79' title='bbox 731 2014 889 2115; x_wconf 74' lang='grc' dir='ltr'>περσέαν</span> <span class='ocrx_word' id='word_1_80' title='bbox 915 2016 1066 2091; x_wconf 87' lang='grc' dir='ltr'>διελθεῖν</span> <span class='ocrx_word' id='word_1_81' title='bbox 1083 2010 1210 2091; x_wconf 83' lang='grc' dir='ltr'>πολλὰ</span> <span class='ocrx_word' id='word_1_82' title='bbox 1228 2011 1391 2109; x_wconf 83' lang='grc' dir='ltr'>σώματα,</span> <span class='ocrx_word' id='word_1_83' title='bbox 1412 2010 1476 2091; x_wconf 70' lang='grc' dir='ltr'>ἕως</span> 
     </span>
    </p>
   </div>
   <div class='ocr_carea' id='block_1_3' title="bbox 427 2131 1481 2242">
    <p class='ocr_par' dir='ltr' id='par_1_3' title="bbox 427 2131 1481 2242">
     <span class='ocr_line' id='line_1_12' title="bbox 427 2131 1481 2242; baseline 0.004 -29"><span class='ocrx_word' id='word_1_84' title='bbox 427 2131 471 2213; x_wconf 80' lang='grc' dir='ltr'>ἂν</span> <span class='ocrx_word' id='word_1_85' title='bbox 490 2145 703 2242; x_wconf 76' lang='grc' dir='ltr'>καταβληθῇ</span> <span class='ocrx_word' id='word_1_86' title='bbox 723 2140 744 2238; x_wconf 79' lang='grc' dir='ltr'><strong><em>ἡ</em></strong></span> <span class='ocrx_word' id='word_1_87' title='bbox 762 2137 900 2241; x_wconf 76' lang='grc' dir='ltr'>περσέα</span> <span class='ocrx_word' id='word_1_88' title='bbox 927 2139 1050 2235; x_wconf 82' lang='grc' dir='ltr'>ἐκείνη.</span> <span class='ocrx_word' id='word_1_89' title='bbox 1102 2143 1130 2215; x_wconf 86' lang='grc' dir='ltr'>εί</span> <span class='ocrx_word' id='word_1_90' title='bbox 1158 2137 1203 2215; x_wconf 70' lang='grc' dir='ltr'>δέ</span> <span class='ocrx_word' id='word_1_91' title='bbox 1220 2171 1273 2219; x_wconf 74' lang='grc' dir='ltr'>τις</span> <span class='ocrx_word' id='word_1_92' title='bbox 1302 2139 1481 2233; x_wconf 79' lang='grc' dir='ltr'>οἰκοδομεῖ</span> 
     </span>
    </p>
   </div>
   <div class='ocr_carea' id='block_1_4' title="bbox 427 2261 1474 2495">
    <p class='ocr_par' dir='ltr' id='par_1_4' title="bbox 427 2261 1474 2495">
     <span class='ocr_line' id='line_1_13' title="bbox 427 2261 1474 2369; baseline 0 -29"><span class='ocrx_word' id='word_1_93' title='bbox 427 2263 539 2369; x_wconf 76' lang='grc' dir='ltr'>ἑαυτῷ</span> <span class='ocrx_word' id='word_1_94' title='bbox 557 2266 679 2360; x_wconf 83' lang='grc' dir='ltr'>οἰκίαν,</span> <span class='ocrx_word' id='word_1_95' title='bbox 699 2264 1057 2368; x_wconf 74' lang='grc' dir='ltr'>διασπαραχθήσεται</span> <span class='ocrx_word' id='word_1_96' title='bbox 1077 2269 1124 2346; x_wconf 81' lang='grc' dir='ltr'>είς</span> <span class='ocrx_word' id='word_1_97' title='bbox 1151 2262 1196 2341; x_wconf 83' lang='grc' dir='ltr'>τὰ</span> <span class='ocrx_word' id='word_1_98' title='bbox 1220 2262 1289 2342; x_wconf 82' lang='grc' dir='ltr'>ὅλα</span> <span class='ocrx_word' id='word_1_99' title='bbox 1308 2261 1474 2359; x_wconf 81' lang='grc' dir='ltr'>σώματα.</span> 
     </span>
     <span class='ocr_line' id='line_1_14' title="bbox 427 2388 1473 2495; baseline 0 -29"><span class='ocrx_word' id='word_1_100' title='bbox 427 2389 533 2474; x_wconf 78' lang='grc' dir='ltr'>εἴτις</span> <span class='ocrx_word' id='word_1_101' title='bbox 558 2392 701 2471; x_wconf 88' lang='grc' dir='ltr'>λούεται</span> <span class='ocrx_word' id='word_1_102' title='bbox 724 2397 772 2475; x_wconf 81' lang='grc' dir='ltr'>είς</span> <span class='ocrx_word' id='word_1_103' title='bbox 799 2391 841 2471; x_wconf 86' lang='grc' dir='ltr'>τὸ</span> <span class='ocrx_word' id='word_1_104' title='bbox 861 2393 965 2493; x_wconf 82' lang='grc' dir='ltr'>ὕδωρ,</span> <span class='ocrx_word' id='word_1_105' title='bbox 985 2391 1050 2489; x_wconf 88' lang='grc' dir='ltr'>τὴν</span> <span class='ocrx_word' id='word_1_106' title='bbox 1068 2393 1193 2469; x_wconf 81' lang='grc' dir='ltr'>ἑαυτοῦ</span> <span class='ocrx_word' id='word_1_107' title='bbox 1212 2389 1336 2495; x_wconf 77' lang='grc' dir='ltr'>φνχὴν</span> <span class='ocrx_word' id='word_1_108' title='bbox 1352 2388 1473 2487; x_wconf 76' lang='grc' dir='ltr'>ι’πήσ-</span> 
     </span>
    </p>
   </div>
   <div class='ocr_carea' id='block_1_5' title="bbox 427 2562 1539 3591">
    <p class='ocr_par' dir='ltr' id='par_1_5' title="bbox 427 2562 1539 3591">
     <span class='ocr_line' id='line_1_15' title="bbox 428 2562 1476 2649; baseline -0.005 -20"><span class='ocrx_word' id='word_1_109' title='bbox 428 2572 485 2630; x_wconf 89' lang='lat' dir='ltr'>aut</span> <span class='ocrx_word' id='word_1_110' title='bbox 509 2566 541 2628; x_wconf 90' lang='lat' dir='ltr'>in</span> <span class='ocrx_word' id='word_1_111' title='bbox 564 2566 660 2642; x_wconf 86' lang='lat' dir='ltr'>olera,</span> <span class='ocrx_word' id='word_1_112' title='bbox 685 2577 719 2628; x_wconf 89' lang='lat' dir='ltr'>ut</span> <span class='ocrx_word' id='word_1_113' title='bbox 741 2572 775 2628; x_wconf 89' lang='lat' dir='ltr'>ot</span> <span class='ocrx_word' id='word_1_114' title='bbox 795 2565 853 2649; x_wconf 86' lang='lat' dir='ltr'>ipsi</span> <span class='ocrx_word' id='word_1_115' title='bbox 876 2566 929 2627; x_wconf 87' lang='lat' dir='ltr'>de-</span> <span class='ocrx_word' id='word_1_116' title='bbox 971 2572 1004 2627; x_wconf 87' lang='lat' dir='ltr'>et</span> <span class='ocrx_word' id='word_1_117' title='bbox 1018 2565 1187 2640; x_wconf 79' lang='lat' dir='ltr'>mendicet,</span> <span class='ocrx_word' id='word_1_118' title='bbox 1203 2572 1236 2626; x_wconf 87' lang='lat' dir='ltr'>et</span> <span class='ocrx_word' id='word_1_119' title='bbox 1251 2570 1324 2646; x_wconf 87' lang='lat' dir='ltr'>post</span> <span class='ocrx_word' id='word_1_120' title='bbox 1339 2562 1406 2625; x_wconf 81' lang='lat' dir='ltr'>haee</span> <span class='ocrx_word' id='word_1_121' title='bbox 1422 2570 1476 2624; x_wconf 87' lang='lat' dir='ltr'>eat</span> 
     </span>
     <span class='ocr_line' id='line_1_16' title="bbox 427 2650 1539 2733; baseline -0.006 -18"><span class='ocrx_word' id='word_1_122' title='bbox 427 2659 573 2715; x_wconf 74' lang='lat' dir='ltr'>secentur</span> <span class='ocrx_word' id='word_1_123' title='bbox 595 2658 628 2714; x_wconf 90' lang='lat' dir='ltr'>et</span> <span class='ocrx_word' id='word_1_124' title='bbox 652 2652 871 2715; x_wconf 80' lang='lat' dir='ltr'>demetantur:</span> <span class='ocrx_word' id='word_1_125' title='bbox 897 2660 929 2714; x_wconf 87' lang='lat' dir='ltr'>et</span> <span class='ocrx_word' id='word_1_126' title='bbox 971 2650 1003 2713; x_wconf 93' lang='lat' dir='ltr'>in</span> <span class='ocrx_word' id='word_1_127' title='bbox 1016 2672 1127 2733; x_wconf 85' lang='lat' dir='ltr'>poenas</span> <span class='ocrx_word' id='word_1_128' title='bbox 1137 2658 1280 2712; x_wconf 82' lang='lat' dir='ltr'>aeternas.</span> <span class='ocrx_word' id='word_1_129' title='bbox 1306 2651 1387 2710; x_wconf 91' lang='lat' dir='ltr'>Cum</span> <span class='ocrx_word' id='word_1_130' title='bbox 1400 2668 1476 2730; x_wconf 82' lang='lat' dir='ltr'>orgo</span> <span class='ocrx_word' id='word_1_131' title='bbox 1530 2681 1539 2697; x_wconf 56' lang='grc' dir='ltr'>ι</span> 
     </span>
     <span class='ocr_line' id='line_1_17' title="bbox 428 2732 1476 2821; baseline -0.005 -21"><span class='ocrx_word' id='word_1_132' title='bbox 428 2737 481 2820; x_wconf 85' lang='lat' dir='ltr'>qui</span> <span class='ocrx_word' id='word_1_133' title='bbox 503 2737 696 2801; x_wconf 80' lang='lat' dir='ltr'>manducant</span> <span class='ocrx_word' id='word_1_134' title='bbox 718 2758 841 2821; x_wconf 86' lang='lat' dir='ltr'>panem,</span> <span class='ocrx_word' id='word_1_135' title='bbox 857 2735 930 2798; x_wconf 88' lang='lat' dir='ltr'>¹ue-</span> <span class='ocrx_word' id='word_1_136' title='bbox 972 2757 1085 2818; x_wconf 86' lang='lat' dir='ltr'>eorpus</span> <span class='ocrx_word' id='word_1_137' title='bbox 1097 2736 1156 2797; x_wconf 87' lang='lat' dir='ltr'>hoo</span> <span class='ocrx_word' id='word_1_138' title='bbox 1173 2734 1356 2816; x_wconf 81' lang='lat' dir='ltr'>Principum</span> <span class='ocrx_word' id='word_1_139' title='bbox 1371 2732 1426 2806; x_wconf 86' lang='lat' dir='ltr'>sit,</span> <span class='ocrx_word' id='word_1_140' title='bbox 1443 2741 1476 2795; x_wconf 85' lang='lat' dir='ltr'>et</span> 
     </span>
     <span class='ocr_line' id='line_1_18' title="bbox 427 2818 1477 2907; baseline -0.008 -21"><span class='ocrx_word' id='word_1_141' title='bbox 427 2844 514 2886; x_wconf 81' lang='lat' dir='ltr'>cesse</span> <span class='ocrx_word' id='word_1_142' title='bbox 533 2831 594 2898; x_wconf 88' lang='lat' dir='ltr'>est,</span> <span class='ocrx_word' id='word_1_143' title='bbox 609 2830 646 2886; x_wconf 91' lang='lat' dir='ltr'>ut</span> <span class='ocrx_word' id='word_1_144' title='bbox 665 2829 699 2887; x_wconf 89' lang='lat' dir='ltr'>et</span> <span class='ocrx_word' id='word_1_145' title='bbox 719 2822 778 2907; x_wconf 86' lang='lat' dir='ltr'>ipsi</span> <span class='ocrx_word' id='word_1_146' title='bbox 798 2823 930 2885; x_wconf 88' lang='lat' dir='ltr'>mandu—</span> <span class='ocrx_word' id='word_1_147' title='bbox 972 2820 1125 2897; x_wconf 78' lang='lat' dir='ltr'>materiae,</span> <span class='ocrx_word' id='word_1_148' title='bbox 1138 2818 1477 2901; x_wconf 87' lang='lat' dir='ltr'>neoesseesteum‚qui</span> 
     </span>
     <span class='ocr_line' id='line_1_19' title="bbox 427 2902 1476 2994; baseline -0.008 -23"><span class='ocrx_word' id='word_1_149' title='bbox 427 2916 550 2982; x_wconf 86' lang='lat' dir='ltr'>centur,</span> <span class='ocrx_word' id='word_1_150' title='bbox 575 2929 691 2994; x_wconf 88' lang='lat' dir='ltr'>panem</span> <span class='ocrx_word' id='word_1_151' title='bbox 716 2908 828 2971; x_wconf 84' lang='lat' dir='ltr'>effecti.</span> <span class='ocrx_word' id='word_1_152' title='bbox 869 2907 930 2987; x_wconf 76' lang='lat' dir='ltr'>Qui</span> <span class='ocrx_word' id='word_1_153' title='bbox 972 2906 1164 2990; x_wconf 86' lang='lat' dir='ltr'>plantaverit</span> <span class='ocrx_word' id='word_1_154' title='bbox 1176 2925 1328 2989; x_wconf 85' lang='lat' dir='ltr'>perseam,</span> <span class='ocrx_word' id='word_1_155' title='bbox 1340 2902 1476 2966; x_wconf 85' lang='lat' dir='ltr'>transire</span> 
     </span>
     <span class='ocr_line' id='line_1_20' title="bbox 427 2991 1477 3079; baseline -0.009 -22"><span class='ocrx_word' id='word_1_156' title='bbox 427 2994 578 3058; x_wconf 76' lang='lat' dir='ltr'>occiderit</span> <span class='ocrx_word' id='word_1_157' title='bbox 592 2995 721 3079; x_wconf 86' lang='lat' dir='ltr'>pullum,</span> <span class='ocrx_word' id='word_1_158' title='bbox 734 3002 767 3057; x_wconf 91' lang='lat' dir='ltr'>et</span> <span class='ocrx_word' id='word_1_159' title='bbox 782 2993 848 3076; x_wconf 88' lang='lat' dir='ltr'>ipse</span> <span class='ocrx_word' id='word_1_160' title='bbox 863 2992 931 3075; x_wconf 91' lang='lat' dir='ltr'>pul·</span> <span class='ocrx_word' id='word_1_161' title='bbox 972 3014 1029 3075; x_wconf 92' lang='lat' dir='ltr'>per</span> <span class='ocrx_word' id='word_1_162' title='bbox 1044 2991 1477 3075; x_wconf 80' lang='lat' dir='ltr'>multaoorp01·a‚usquequo</span> 
     </span>
     <span class='ocr_line' id='line_1_21' title="bbox 427 3073 1476 3164; baseline -0.006 -22"><span class='ocrx_word' id='word_1_163' title='bbox 427 3079 477 3143; x_wconf 90' lang='lat' dir='ltr'>lus</span> <span class='ocrx_word' id='word_1_164' title='bbox 505 3080 585 3153; x_wconf 88' lang='lat' dir='ltr'>erit;</span> <span class='ocrx_word' id='word_1_165' title='bbox 614 3079 667 3164; x_wconf 91' lang='lat' dir='ltr'>qui</span> <span class='ocrx_word' id='word_1_166' title='bbox 697 3100 828 3153; x_wconf 81' lang='lat' dir='ltr'>murem,</span> <span class='ocrx_word' id='word_1_167' title='bbox 859 3099 929 3141; x_wconf 84' lang='lat' dir='ltr'>mue</span> <span class='ocrx_word' id='word_1_168' title='bbox 973 3091 1111 3162; x_wconf 80' lang='lat' dir='ltr'>npersea</span> <span class='ocrx_word' id='word_1_169' title='bbox 1140 3077 1202 3152; x_wconf 84' lang='lat' dir='ltr'>illa,</span> <span class='ocrx_word' id='word_1_170' title='bbox 1227 3097 1323 3160; x_wconf 88' lang='lat' dir='ltr'>quam</span> <span class='ocrx_word' id='word_1_171' title='bbox 1352 3073 1476 3158; x_wconf 86' lang='lat' dir='ltr'>plantu-</span> 
     </span>
     <span class='ocr_line' id='line_1_22' title="bbox 428 3160 1473 3250; baseline -0.009 -22"><span class='ocrx_word' id='word_1_172' title='bbox 428 3163 523 3228; x_wconf 80' lang='lat' dir='ltr'>etiam</span> <span class='ocrx_word' id='word_1_173' title='bbox 539 3165 605 3250; x_wconf 89' lang='lat' dir='ltr'>ipse</span> <span class='ocrx_word' id='word_1_174' title='bbox 619 3167 691 3229; x_wconf 87' lang='lat' dir='ltr'>erit.</span> <span class='ocrx_word' id='word_1_175' title='bbox 719 3164 754 3227; x_wconf 90' lang='lat' dir='ltr'>Si</span> <span class='ocrx_word' id='word_1_176' title='bbox 770 3164 840 3247; x_wconf 87' lang='lat' dir='ltr'>quis</span> <span class='ocrx_word' id='word_1_177' title='bbox 855 3185 929 3227; x_wconf 89' lang='lat' dir='ltr'>vero</span> <span class='ocrx_word' id='word_1_178' title='bbox 970 3171 1071 3239; x_wconf 87' lang='lat' dir='ltr'>vorat,</span> <span class='ocrx_word' id='word_1_179' title='bbox 1087 3163 1242 3226; x_wconf 85' lang='lat' dir='ltr'>oouoidat.</span> <span class='ocrx_word' id='word_1_180' title='bbox 1289 3160 1351 3237; x_wconf 75' lang='lat' dir='ltr'>Qui</span> <span class='ocrx_word' id='word_1_181' title='bbox 1364 3166 1473 3223; x_wconf 88' lang='lat' dir='ltr'>autom</span> 
     </span>
     <span class='ocr_line' id='line_1_23' title="bbox 427 3243 1473 3325; baseline -0.01 -10"><span class='ocrx_word' id='word_1_182' title='bbox 427 3257 477 3315; x_wconf 77' lang='lat' dir='ltr'>eut</span> <span class='ocrx_word' id='word_1_183' title='bbox 492 3250 578 3314; x_wconf 85' lang='lat' dir='ltr'>dives</span> <span class='ocrx_word' id='word_1_184' title='bbox 592 3250 625 3314; x_wconf 94' lang='lat' dir='ltr'>in</span> <span class='ocrx_word' id='word_1_185' title='bbox 640 3250 700 3313; x_wconf 87' lang='lat' dir='ltr'>hoo</span> <span class='ocrx_word' id='word_1_186' title='bbox 714 3250 842 3325; x_wconf 86' lang='lat' dir='ltr'>munde,</span> <span class='ocrx_word' id='word_1_187' title='bbox 858 3270 930 3312; x_wconf 88' lang='lat' dir='ltr'>cum</span> <span class='ocrx_word' id='word_1_188' title='bbox 970 3243 1473 3320; x_wconf 76' lang='lat' dir='ltr'>aedifioaveritsibidomum⁰dis-</span> 
     </span>
     <span class='ocr_line' id='line_1_24' title="bbox 427 3332 1472 3419; baseline -0.008 -21"><span class='ocrx_word' id='word_1_189' title='bbox 427 3336 542 3399; x_wconf 78' lang='lat' dir='ltr'>exierit</span> <span class='ocrx_word' id='word_1_190' title='bbox 563 3337 602 3399; x_wconf 95' lang='lat' dir='ltr'>de</span> <span class='ocrx_word' id='word_1_191' title='bbox 627 3357 759 3419; x_wconf 74' lang='lat' dir='ltr'>corpore</span> <span class='ocrx_word' id='word_1_192' title='bbox 782 3357 851 3409; x_wconf 85' lang='lat' dir='ltr'>suu,</span> <span class='ocrx_word' id='word_1_193' title='bbox 877 3356 929 3397; x_wconf 89' lang='lat' dir='ltr'>ne·</span> <span class='ocrx_word' id='word_1_194' title='bbox 971 3343 1120 3418; x_wconf 85' lang='lat' dir='ltr'>pergetur</span> <span class='ocrx_word' id='word_1_195' title='bbox 1136 3356 1191 3417; x_wconf 92' lang='lat' dir='ltr'>per</span> <span class='ocrx_word' id='word_1_196' title='bbox 1206 3332 1312 3395; x_wconf 86' lang='lat' dir='ltr'>omnio</span> <span class='ocrx_word' id='word_1_197' title='bbox 1327 3352 1472 3413; x_wconf 80' lang='lat' dir='ltr'>corpora.</span> 
     </span>
     <span class='ocr_line' id='line_1_25' title="bbox 428 3416 1472 3505; baseline -0.009 -19"><span class='ocrx_word' id='word_1_198' title='bbox 428 3442 514 3485; x_wconf 78' lang='lat' dir='ltr'>cesse</span> <span class='ocrx_word' id='word_1_199' title='bbox 529 3429 579 3485; x_wconf 92' lang='lat' dir='ltr'>est</span> <span class='ocrx_word' id='word_1_200' title='bbox 593 3422 708 3484; x_wconf 88' lang='lat' dir='ltr'>eumin</span> <span class='ocrx_word' id='word_1_201' title='bbox 724 3442 838 3504; x_wconf 86' lang='lat' dir='ltr'>eorpus</span> <span class='ocrx_word' id='word_1_202' title='bbox 854 3441 929 3503; x_wconf 85' lang='lat' dir='ltr'>pau·</span> <span class='ocrx_word' id='word_1_203' title='bbox 971 3420 1005 3482; x_wconf 91' lang='lat' dir='ltr'>Si</span> <span class='ocrx_word' id='word_1_204' title='bbox 1029 3420 1099 3505; x_wconf 84' lang='lat' dir='ltr'>quie</span> <span class='ocrx_word' id='word_1_205' title='bbox 1125 3418 1238 3483; x_wconf 84' lang='lat' dir='ltr'>laverit</span> <span class='ocrx_word' id='word_1_206' title='bbox 1264 3439 1298 3479; x_wconf 87' lang='lat' dir='ltr'>se</span> <span class='ocrx_word' id='word_1_207' title='bbox 1321 3416 1353 3477; x_wconf 92' lang='lat' dir='ltr'>in</span> <span class='ocrx_word' id='word_1_208' title='bbox 1377 3437 1472 3498; x_wconf 82' lang='lat' dir='ltr'>aqua,</span> 
     </span>
     <span class='ocr_line' id='line_1_26' title="bbox 428 3502 1474 3591; baseline -0.007 -22"><span class='ocrx_word' id='word_1_209' title='bbox 428 3506 513 3591; x_wconf 88' lang='lat' dir='ltr'>peris</span> <span class='ocrx_word' id='word_1_210' title='bbox 524 3506 621 3591; x_wconf 85' lang='lat' dir='ltr'>iujioi,</span> <span class='ocrx_word' id='word_1_211' title='bbox 634 3506 716 3570; x_wconf 79' lang='lat' dir='ltr'>mita</span> <span class='ocrx_word' id='word_1_212' title='bbox 727 3515 763 3569; x_wconf 87' lang='lat' dir='ltr'>ut</span> <span class='ocrx_word' id='word_1_213' title='bbox 774 3505 926 3578; x_wconf 80' lang='lat' dir='ltr'>ambulet,</span> <span class='ocrx_word' id='word_1_214' title='bbox 970 3505 1108 3568; x_wconf 87' lang='lat' dir='ltr'>animam</span> <span class='ocrx_word' id='word_1_215' title='bbox 1124 3526 1214 3567; x_wconf 84' lang='lat' dir='ltr'>suam</span> <span class='ocrx_word' id='word_1_216' title='bbox 1230 3502 1417 3572; x_wconf 57' lang='lat' dir='ltr'>onlnoran</span> <span class='ocrx_word' id='word_1_217' title='bbox 1441 3508 1474 3562; x_wconf 91' lang='lat' dir='ltr'>et</span> 
     </span>
    </p>
   </div>
   <div class='ocr_carea' id='block_1_6' title="bbox 428 3664 1477 4628">
    <p class='ocr_par' dir='ltr' id='par_1_6' title="bbox 428 3664 1476 4035">
     <span class='ocr_line' id='line_1_27' title="bbox 469 3664 1475 3742; baseline -0.009 -15"><span class='ocrx_word' id='word_1_218' title='bbox 469 3667 589 3727; x_wconf 83' lang='lat' dir='ltr'>¹Codex</span> <span class='ocrx_word' id='word_1_219' title='bbox 603 3671 762 3734; x_wconf 87' lang='lat' dir='ltr'>Bobiensis‚</span> <span class='ocrx_word' id='word_1_220' title='bbox 780 3688 885 3726; x_wconf 81' lang='lat' dir='ltr'>neeesse</span> <span class='ocrx_word' id='word_1_221' title='bbox 898 3676 948 3731; x_wconf 81' lang='lat' dir='ltr'>eet,</span> <span class='ocrx_word' id='word_1_222' title='bbox 965 3676 991 3724; x_wconf 80' lang='lat' dir='ltr'>et</span> <span class='ocrx_word' id='word_1_223' title='bbox 1005 3669 1092 3742; x_wconf 83' lang='lat' dir='ltr'>ipsum</span> <span class='ocrx_word' id='word_1_224' title='bbox 1109 3667 1269 3728; x_wconf 82' lang='lat' dir='ltr'>manducari</span> <span class='ocrx_word' id='word_1_225' title='bbox 1283 3683 1380 3740; x_wconf 86' lang='lat' dir='ltr'>ponem</span> <span class='ocrx_word' id='word_1_226' title='bbox 1395 3664 1475 3737; x_wconf 85' lang='lat' dir='ltr'>effec-</span> 
     </span>
     <span class='ocr_line' id='line_1_28' title="bbox 429 3761 1476 3841; baseline -0.009 -17"><span class='ocrx_word' id='word_1_227' title='bbox 429 3776 493 3823; x_wconf 78' lang='lat' dir='ltr'>tum.</span> <span class='ocrx_word' id='word_1_228' title='bbox 532 3766 610 3829; x_wconf 74' lang='lat' dir='ltr'>Quod</span> <span class='ocrx_word' id='word_1_229' title='bbox 628 3768 654 3823; x_wconf 86' lang='lat' dir='ltr'>si</span> <span class='ocrx_word' id='word_1_230' title='bbox 674 3767 804 3823; x_wconf 78' lang='lat' dir='ltr'>occiderit</span> <span class='ocrx_word' id='word_1_231' title='bbox 819 3766 935 3841; x_wconf 80' lang='lat' dir='ltr'>pullum,</span> <span class='ocrx_word' id='word_1_232' title='bbox 950 3773 977 3820; x_wconf 79' lang='lat' dir='ltr'>et</span> <span class='ocrx_word' id='word_1_233' title='bbox 997 3765 1055 3838; x_wconf 84' lang='lat' dir='ltr'>ipse</span> <span class='ocrx_word' id='word_1_234' title='bbox 1070 3764 1164 3837; x_wconf 83' lang='lat' dir='ltr'>pullus</span> <span class='ocrx_word' id='word_1_235' title='bbox 1177 3765 1238 3819; x_wconf 83' lang='lat' dir='ltr'>erit.</span> <span class='ocrx_word' id='word_1_236' title='bbox 1276 3761 1342 3824; x_wconf 79' lang='lat' dir='ltr'>Quis·</span> <span class='ocrx_word' id='word_1_237' title='bbox 1358 3779 1420 3815; x_wconf 87' lang='lat' dir='ltr'>vero</span> <span class='ocrx_word' id='word_1_238' title='bbox 1436 3768 1476 3815; x_wconf 81' lang='lat' dir='ltr'>est</span> 
     </span>
     <span class='ocr_line' id='line_1_29' title="bbox 428 3857 1475 3937; baseline -0.01 -17"><span class='ocrx_word' id='word_1_239' title='bbox 428 3864 512 3920; x_wconf 81' lang='lat' dir='ltr'>diues.</span> <span class='ocrx_word' id='word_1_240' title='bbox 556 3862 615 3921; x_wconf 86' lang='lat' dir='ltr'>Sed</span> <span class='ocrx_word' id='word_1_241' title='bbox 636 3863 812 3937; x_wconf 80' lang='lat' dir='ltr'>Epiphanius</span> <span class='ocrx_word' id='word_1_242' title='bbox 836 3881 899 3919; x_wconf 90' lang='lat' dir='ltr'>com</span> <span class='ocrx_word' id='word_1_243' title='bbox 924 3861 1072 3917; x_wconf 89' lang='lat' dir='ltr'>Casinensi</span> <span class='ocrx_word' id='word_1_244' title='bbox 1092 3862 1189 3917; x_wconf 89' lang='lat' dir='ltr'>codice</span> <span class='ocrx_word' id='word_1_245' title='bbox 1210 3860 1352 3917; x_wconf 86' lang='lat' dir='ltr'>convenit.</span> <span class='ocrx_word' id='word_1_246' title='bbox 1396 3857 1475 3912; x_wconf 91' lang='lat' dir='ltr'>Male</span> 
     </span>
     <span class='ocr_line' id='line_1_30' title="bbox 429 3956 1404 4035; baseline -0.008 -18"><span class='ocrx_word' id='word_1_247' title='bbox 429 3972 523 4020; x_wconf 88' lang='lat' dir='ltr'>autem</span> <span class='ocrx_word' id='word_1_248' title='bbox 538 3962 567 4017; x_wconf 93' lang='lat' dir='ltr'>in</span> <span class='ocrx_word' id='word_1_249' title='bbox 582 3961 710 4035; x_wconf 82' lang='lat' dir='ltr'>margine</span> <span class='ocrx_word' id='word_1_250' title='bbox 724 3960 885 4017; x_wconf 85' lang='lat' dir='ltr'>emendavit</span> <span class='ocrx_word' id='word_1_251' title='bbox 901 3959 1039 4023; x_wconf 87' lang='lat' dir='ltr'>Valesius,</span> <span class='ocrx_word' id='word_1_252' title='bbox 1055 3960 1175 4033; x_wconf 81' lang='lat' dir='ltr'>quisquis</span> <span class='ocrx_word' id='word_1_253' title='bbox 1189 3976 1252 4013; x_wconf 87' lang='lat' dir='ltr'>vero</span> <span class='ocrx_word' id='word_1_254' title='bbox 1267 3966 1307 4012; x_wconf 86' lang='lat' dir='ltr'>est</span> <span class='ocrx_word' id='word_1_255' title='bbox 1320 3956 1404 4011; x_wconf 83' lang='lat' dir='ltr'>dives.</span> 
     </span>
    </p>

    <p class='ocr_par' dir='ltr' id='par_1_7' title="bbox 470 4056 1117 4121">
     <span class='ocr_line' id='line_1_31' title="bbox 470 4056 1117 4121; baseline -0.006 -6"><span class='ocrx_word' id='word_1_256' title='bbox 470 4069 494 4099; x_wconf 81' lang='lat'>¹¹²</span> <span class='ocrx_word' id='word_1_257' title='bbox 508 4057 607 4115; x_wconf 88' lang='lat' dir='ltr'>Codex</span> <span class='ocrx_word' id='word_1_258' title='bbox 622 4057 781 4121; x_wconf 88' lang='lat' dir='ltr'>Bobiensis,</span> <span class='ocrx_word' id='word_1_259' title='bbox 797 4065 826 4113; x_wconf 82' lang='lat' dir='ltr'>ut</span> <span class='ocrx_word' id='word_1_260' title='bbox 840 4056 965 4119; x_wconf 79' lang='lat' dir='ltr'>ambulet,</span> <span class='ocrx_word' id='word_1_261' title='bbox 979 4056 1117 4111; x_wconf 80' lang='lat' dir='ltr'>mendicet.</span> 
     </span>
    </p>

    <p class='ocr_par' dir='ltr' id='par_1_8' title="bbox 429 4147 1477 4324">
     <span class='ocr_line' id='line_1_32' title="bbox 470 4147 1477 4227; baseline -0.009 -17"><span class='ocrx_word' id='word_1_262' title='bbox 470 4166 486 4196; x_wconf 83' lang='lat'>¹¹</span> <span class='ocrx_word' id='word_1_263' title='bbox 507 4154 586 4212; x_wconf 86' lang='lat' dir='ltr'>Male</span> <span class='ocrx_word' id='word_1_264' title='bbox 600 4155 629 4211; x_wconf 91' lang='lat' dir='ltr'>in</span> <span class='ocrx_word' id='word_1_265' title='bbox 644 4154 792 4211; x_wconf 86' lang='lat' dir='ltr'>Casinensi</span> <span class='ocrx_word' id='word_1_266' title='bbox 806 4153 903 4209; x_wconf 89' lang='lat' dir='ltr'>codice</span> <span class='ocrx_word' id='word_1_267' title='bbox 917 4153 1074 4227; x_wconf 85' lang='lat' dir='ltr'>legebatur,</span> <span class='ocrx_word' id='word_1_268' title='bbox 1092 4172 1144 4227; x_wconf 87' lang='lat' dir='ltr'>per</span> <span class='ocrx_word' id='word_1_269' title='bbox 1157 4170 1187 4206; x_wconf 85' lang='lat' dir='ltr'>se</span> <span class='ocrx_word' id='word_1_270' title='bbox 1206 4152 1242 4205; x_wconf 83' lang='lat' dir='ltr'>ad</span> <span class='ocrx_word' id='word_1_271' title='bbox 1261 4150 1345 4205; x_wconf 83' lang='lat' dir='ltr'>illum.</span> <span class='ocrx_word' id='word_1_272' title='bbox 1389 4147 1477 4202; x_wconf 84' lang='lat' dir='ltr'>Porro</span> 
     </span>
     <span class='ocr_line' id='line_1_33' title="bbox 429 4247 1466 4324; baseline -0.014 -15"><span class='ocrx_word' id='word_1_273' title='bbox 429 4254 535 4324; x_wconf 76' lang='grc' dir='ltr'>περσέα,</span> <span class='ocrx_word' id='word_1_274' title='bbox 551 4253 681 4309; x_wconf 83' lang='lat' dir='ltr'>Petavius</span> <span class='ocrx_word' id='word_1_275' title='bbox 695 4252 790 4316; x_wconf 85' lang='lat' dir='ltr'>vertit,</span> <span class='ocrx_word' id='word_1_276' title='bbox 807 4251 923 4307; x_wconf 77' lang='lat' dir='ltr'>Persico</span> <span class='ocrx_word' id='word_1_277' title='bbox 937 4250 1030 4306; x_wconf 87' lang='lat' dir='ltr'>arbor.</span> <span class='ocrx_word' id='word_1_278' title='bbox 1057 4250 1129 4305; x_wconf 88' lang='lat' dir='ltr'>Vide</span> <span class='ocrx_word' id='word_1_279' title='bbox 1144 4247 1332 4322; x_wconf 82' lang='lat' dir='ltr'>Epiphaniam</span> <span class='ocrx_word' id='word_1_280' title='bbox 1348 4263 1425 4300; x_wconf 86' lang='lat' dir='ltr'>num.</span> <span class='ocrx_word' id='word_1_281' title='bbox 1438 4261 1466 4317; x_wconf 92' lang='lat'>9.</span> 
     </span>
    </p>

    <p class='ocr_par' dir='ltr' id='par_1_9' title="bbox 430 4340 1476 4509">
     <span class='ocr_line' id='line_1_34' title="bbox 469 4340 1476 4423; baseline -0.014 -17"><span class='ocrx_word' id='word_1_282' title='bbox 469 4359 484 4391; x_wconf 87' lang='lat'><strong>⁰</strong></span> <span class='ocrx_word' id='word_1_283' title='bbox 507 4349 606 4406; x_wconf 86' lang='lat' dir='ltr'>Codex</span> <span class='ocrx_word' id='word_1_284' title='bbox 628 4348 786 4411; x_wconf 85' lang='lat' dir='ltr'>Bobiensis‚</span> <span class='ocrx_word' id='word_1_285' title='bbox 810 4348 986 4423; x_wconf 75' lang='lat' dir='ltr'>disperpitur.</span> <span class='ocrx_word' id='word_1_286' title='bbox 1023 4346 1198 4420; x_wconf 82' lang='lat' dir='ltr'>Epiphanius</span> <span class='ocrx_word' id='word_1_287' title='bbox 1218 4346 1304 4401; x_wconf 89' lang='lat' dir='ltr'>habet</span> <span class='ocrx_word' id='word_1_288' title='bbox 1327 4351 1358 4398; x_wconf 91' lang='lat' dir='ltr'>ut</span> <span class='ocrx_word' id='word_1_289' title='bbox 1386 4340 1476 4396; x_wconf 85' lang='lat' dir='ltr'>codex</span> 
     </span>
     <span class='ocr_line' id='line_1_35' title="bbox 430 4451 603 4509; baseline 0 -1"><span class='ocrx_word' id='word_1_290' title='bbox 430 4451 603 4509; x_wconf 85' lang='lat' dir='ltr'>Casinensis.</span> 
     </span>
    </p>

    <p class='ocr_par' dir='ltr' id='par_1_10' title="bbox 471 4538 1476 4628">
     <span class='ocr_line' id='line_1_36' title="bbox 471 4538 1476 4628; baseline -0.016 -22"><span class='ocrx_word' id='word_1_291' title='bbox 471 4558 484 4595; x_wconf 76' lang='grc' dir='ltr'><strong>Ρ</strong></span> <span class='ocrx_word' id='word_1_292' title='bbox 505 4550 539 4606; x_wconf 93' lang='lat' dir='ltr'>ln</span> <span class='ocrx_word' id='word_1_293' title='bbox 561 4569 655 4625; x_wconf 81' lang='lat' dir='ltr'>graeeo</span> <span class='ocrx_word' id='word_1_294' title='bbox 677 4550 828 4628; x_wconf 89' lang='lat' dir='ltr'>Epiphanii</span> <span class='ocrx_word' id='word_1_295' title='bbox 849 4559 893 4605; x_wconf 90' lang='lat' dir='ltr'>est</span> <span class='ocrx_word' id='word_1_296' title='bbox 913 4550 1022 4618; x_wconf 74' lang='grc' dir='ltr'>πῆσσει,</span> <span class='ocrx_word' id='word_1_297' title='bbox 1036 4548 1151 4622; x_wconf 77' lang='lat' dir='ltr'>sriqore</span> <span class='ocrx_word' id='word_1_298' title='bbox 1171 4544 1330 4617; x_wconf 68' lang='grc' dir='ltr'>αθιινίιιρίι,</span> <span class='ocrx_word' id='word_1_299' title='bbox 1347 4538 1476 4614; x_wconf 72' lang='lat' dir='ltr'>coepelat.</span> 
     </span>
    </p>
   </div>
   <div class='ocr_carea' id='block_1_7' title="bbox 429 4646 1193 4789">
    <p class='ocr_par' dir='ltr' id='par_1_11' title="bbox 429 4646 1193 4789">
     <span class='ocr_line' id='line_1_37' title="bbox 429 4646 1193 4721; baseline -0.01 -17"><span class='ocrx_word' id='word_1_300' title='bbox 429 4648 548 4705; x_wconf 79' lang='lat' dir='ltr'>Latinus</span> <span class='ocrx_word' id='word_1_301' title='bbox 561 4659 657 4705; x_wconf 89' lang='lat' dir='ltr'>tamen</span> <span class='ocrx_word' id='word_1_302' title='bbox 672 4648 810 4721; x_wconf 83' lang='lat' dir='ltr'>interpres</span> <span class='ocrx_word' id='word_1_303' title='bbox 824 4647 927 4721; x_wconf 81' lang='lat' dir='ltr'>legisse</span> <span class='ocrx_word' id='word_1_304' title='bbox 941 4646 1054 4702; x_wconf 87' lang='lat' dir='ltr'>videtur</span> <span class='ocrx_word' id='word_1_305' title='bbox 1067 4646 1193 4714; x_wconf 70' lang='grc' dir='ltr'>πλὴσσει.</span> 
     </span>
     <span class='ocr_line' id='line_1_38' title="bbox 932 4744 979 4789; baseline 0.106 -5"><span class='ocrx_word' id='word_1_306' title='bbox 932 4745 942 4784; x_wconf 90' lang='lat'>1</span> <span class='ocrx_word' id='word_1_307' title='bbox 962 4744 979 4789; x_wconf 82' lang='lat'>2</span> 
     </span>
    </p>
   </div>
   <div class='ocr_carea' id='block_1_8' title="bbox 0 0 1918 5692">
    <p class='ocr_par' dir='ltr' id='par_1_12' title="bbox 0 0 1918 5692">
     <span class='ocr_line' id='line_1_39' title="bbox 0 0 1918 5692; baseline 0 0"><span class='ocrx_word' id='word_1_308' title='bbox 0 0 1918 5692; x_wconf 95' lang='lat' dir='ltr'> </span> 
     </span>
    </p>
   </div>
  </div>
 </body>
</html>
