3817 5692
425 687 490 753 210
791 691 822 751 S.
838 687 1111 752 AUGUSTINI

426 859 592 953 baptismo
608 857 781 953 baptizari
796 867 828 927 et
843 858 1055 951 sanctificari
1071 865 1235 950 oportere.
1273 854 1361 927 Item
1380 854 1483 926 lecta

427 984 506 1044 sunt
531 972 623 1046 vobis
652 984 684 1044 et
713 973 794 1043 alicu
815 972 988 1044 Jubaiani
1012 970 1144 1054 littera,
1171 970 1291 1064 quibus
1312 994 1384 1064 pro
1409 994 1481 1040 sua

426 1088 561 1157 sincera
586 1098 618 1158 et
647 1087 808 1184 reliqiosa
837 1084 1010 1157 deuotione
1039 1086 1087 1155 ud
1114 1084 1288 1179 epistolam
1319 1094 1479 1155 nostrum

429 1200 626 1284 rescribens,
644 1227 712 1272 non
736 1212 866 1272 tantum
891 1203 1070 1286 cmtserrsit,
1086 1199 1193 1271 sedet
1214 1201 1418 1271 insincerum
1441 1224 1480 1269 se

428 1340 497 1386 esse
509 1318 644 1412 pretias
661 1318 738 1413 eqit.
788 1316 951 1409 Superest
977 1325 1014 1385 ut
1038 1314 1080 1384 de
1105 1314 1168 1386 bae
1195 1316 1269 1409 ipsa
1286 1339 1324 1384 re
1343 1312 1480 1410 sinquli

429 1429 515 1521 quid
529 1432 715 1500 sentiamus
730 1429 976 1524 proferamus:
1004 1430 1170 1498 neminem
1183 1427 1394 1519 judicantes,
1414 1438 1479 1498 aut

429 1545 541 1633 ajure
557 1545 806 1614 cornmuuionis
819 1543 965 1636 aliquem
983 1545 1016 1612 si
1032 1543 1203 1614 diuersum
1220 1540 1363 1611 seruerit
1380 1564 1479 1611 amo-

428 1669 548 1729 ventes.
600 1658 718 1753 Neque
742 1660 832 1729 euim
860 1660 1038 1752 quisquam
1058 1668 1209 1728 nostrum
1228 1658 1420 1751 episcopum
1441 1681 1479 1726 se

428 1775 661 1867 episcoporum
679 1775 867 1859 constitnit,
884 1784 944 1844 aut
961 1774 1142 1868 tyrannico
1162 1783 1292 1843 terrore
1314 1771 1362 1841 ad
1383 1771 1479 1842 obse-

429 1889 556 1982 quendi
572 1891 799 1960 necessitatem
813 1888 956 1985 colleqas
973 1913 1051 1958 suos
1069 1889 1188 1985 adiqit,
1203 1888 1338 1981 quando
1354 1886 1479 1958 babeat

429 2006 540 2074 cornis
556 2002 731 2098 episeopus
743 2028 812 2097 pro
829 2003 969 2075 licentia
982 2002 1148 2074 libertatis
1165 2012 1196 2072 et
1205 2003 1385 2097 potestatis
1401 2026 1480 2072 sua·

429 2116 611 2188 arbitrium
623 2119 819 2211 preprium,
838 2128 972 2210 tarnque
977 2117 1139 2211 judicari
1158 2115 1199 2187 ab
1217 2116 1287 2186 ulio
1307 2140 1376 2186 reon
1392 2140 1480 2209 pos-

428 2233 485 2314 sit,
499 2255 599 2326 quam
619 2256 679 2303 nec
692 2232 765 2326 ipse
775 2242 887 2326 potest
903 2231 1046 2303 alterum
1054 2230 1238 2323 judicare:
1264 2229 1325 2301 sed
1339 2254 1481 2324 respec-

429 2355 535 2415 temus
561 2346 714 2416 universi
728 2345 903 2437 judicium
921 2345 1070 2416 Domini
1095 2347 1207 2415 nostri
1222 2343 1309 2415 Jesu
1329 2342 1478 2426 Christi,

429 2460 490 2550 qui
507 2482 595 2528 uerus
612 2469 644 2529 et
664 2458 756 2531 solus
778 2457 874 2530 babet
896 2469 1091 2554 potestatem
1113 2469 1145 2529 et
1163 2457 1392 2552 prapmeendi
1413 2481 1480 2528 nos

430 2570 468 2638 in
485 2568 632 2640 ecclesia
656 2595 728 2640 sua
749 2570 1003 2667 qnbernatione,
1021 2581 1053 2640 et
1077 2572 1119 2642 ae
1144 2580 1221 2640 actu
1246 2580 1361 2641 nostro
1373 2571 1481 2663 jucli-

430 2682 542 2753 candi.

290 2835 325 2867 n»
359 2854 364 2866 .
480 2797 562 2868 Jam
581 2800 673 2878 satis,
693 2809 864 2889 quantum
882 2800 1040 2880 arbitror,
1059 2822 1129 2868 non
1153 2798 1267 2868 solum
1285 2800 1328 2869 ad
1341 2799 1482 2889 episto-

431 2912 511 2992 lum,
540 2935 646 3003 quam
673 2910 697 2979 J
701 2913 849 2982 ubuiano
880 2913 1038 3004 scripsit;
1066 2914 1126 2983 sed
1158 2915 1265 2982 etiam
1293 2914 1336 2982 ad
1367 2912 1480 2994 illam,

430 3045 536 3113 quam
564 3022 608 3092 ud
632 3021 807 3103 Quintum
833 3023 952 3105 dedit3
980 3035 1017 3093 et
1044 3026 1088 3094 ad
1113 3025 1236 3108 ¹illam,
1261 3048 1366 3117 quam
1395 3050 1481 3096 cum

431 3136 639 3226 quibusdam
674 3135 818 3227 collegis
857 3138 901 3205 ad
935 3140 1105 3228 quosdam
1139 3140 1319 3232 collegas3
1361 3149 1398 3210 et
1432 3142 1481 3211 ad

431 3248 540 3330 illam,
558 3270 664 3340 quam
690 3250 734 3317 ad
759 3248 981 3340 Pompeium,
1006 3262 1177 3341 quantum
1204 3255 1391 3343 potuimus,
1413 3276 1481 3344 pro

432 3365 660 3432 universitate
687 3362 868 3432 catholicae
899 3366 1136 3434 consensionis
1165 3375 1273 3457 atque
1300 3364 1480 3450 'Consilii

431 3479 468 3545 in
495 3478 595 3567 cujus
623 3479 761 3546 unitata
789 3478 847 3546 isti
875 3486 1056 3568 tamquam
1083 3481 1140 3569 pia
1165 3480 1325 3550 membra
1341 3502 1483 3551 manse-

432 3599 524 3669 runt,
551 3589 647 3658 libris
670 3590 906 3679 superioribus
937 3591 1202 3681 disputavimus.
1255 3593 1483 3685 Quapropter

425 3704 501 3792 jum
526 3715 761 3794 opportunum
780 3704 928 3781 videtur,
952 3705 1036 3793 quid
1059 3708 1167 3775 etiam
1192 3707 1301 3775 ceteri
1324 3706 1483 3798 singilla-

431 3818 496 3884 tim
523 3818 724 3885 censuerint
750 3817 969 3886 considerure
995 3840 1037 3886 ea
1062 3819 1235 3901 libertate,
1254 3842 1359 3910 quum
1377 3820 1483 3891 nobis

431 3928 539 3997 etiam
565 3929 640 4018 ipse
665 3951 735 3997 non
761 3928 954 4020 abrogavit,
973 3930 1104 4012 dicens,
1121 3930 1301 4000 Neminem
1313 3931 1485 4023 judican-

430 4049 491 4123 tes,
509 4050 568 4110 out
585 4065 606 4109 o
615 4041 700 4133 jiere
716 4042 966 4111 communionis
983 4042 1130 4135 aliquem
1155 4044 1187 4113 si
1212 4044 1382 4114 diversum
1404 4068 1484 4115 sen-

472 4270 480 4292 “
506 4264 597 4337 [Sive.
626 4266 862 4339 Carthaginiense
890 4268 1047 4325 Concilium
1076 4271 1128 4327 sub
1157 4271 1300 4345 Cypriauo
1328 4271 1481 4337 Quintum,

432 4361 505 4434 apud
519 4361 670 4435 Reliquias,
685 4361 741 4416 vol.
752 4360 806 4416 111.
821 4380 850 4436 p.
867 4364 948 4436 108.]

473 4456 576 4528 ¹[For.
605 4456 754 4530 respicitur
777 4456 936 4514 Concilium
962 4461 1127 4518 Arelatense
1151 4465 1283 4535 primum,
1309 4481 1363 4536 qua
1388 4462 1423 4517 de
1449 4482 1483 4520 re

433 4570 517 4624 supra
530 4552 659 4608 consulas
673 4553 784 4609 Praefat.
800 4554 828 4609 in
843 4556 918 4612 idem
933 4557 1065 4612 volumen
1081 4558 1152 4630 ΙΙΙ.]
