3817 5692
427 737 492 798 852
569 730 877 797 TESTIMONIA
900 728 965 792 DE
990 726 1345 791 AUCTORITATE

427 906 533 981 θείοις
550 905 680 997 λόγοις.
733 899 886 997 Παράγει
905 897 973 995 γάρ
990 897 1034 970 τό
1052 906 1167 994 σχῆμα
1181 902 1242 967 τοῦ
1257 898 1385 979 κόσμου
1400 898 1483 967 ποό-

409 1134 485 1207 'Da
500 1134 697 1206 Resurrert.
715 1157 750 1226 p.
764 1139 849 1212 292.
865 1132 950 1201 edit.
970 1129 1159 1201 Combefia.

722 1337 924 1406 Turonas
951 1334 1181 1404 Er1scorus.

479 1468 667 1539 Interdum
689 1477 727 1537 et
745 1466 893 1537 Divinas
918 1467 1108 1557 scripturas
1130 1465 1264 1535 laudari
1282 1461 1379 1558 (sor.
1404 1465 1483 1535 lau.

429 1584 528 1676 dare)
557 1583 755 1665 conabitur,
780 1604 866 1674 quaa
894 1583 984 1651 mira
1010 1581 1194 1674 diligentia
1219 1589 1257 1651 et
1282 1580 1485 1673 largissimo

429 1700 608 1790 impendio
637 1698 851 1768 Ptolemaeus
879 1695 1134 1788 Philadelphus
1162 1698 1198 1766 iu
1228 1696 1386 1790 linguam
1418 1722 1487 1767 no-

428 1823 538 1884 stram
556 1815 692 1884 traduci
710 1814 868 1896 curavit3
894 1811 1097 1882 laudabitur
1113 1821 1150 1881 et
1168 1812 1309 1881 iuterim
1326 1834 1487 1907 evange-

429 1930 527 2010 lium,
562 1929 812 2021 apostolusque
848 1927 1020 2019 (Paulus)
1054 1950 1117 2019 pro
1152 1927 1279 1996 divinia
1317 1928 1486 1999 oraculis.

428 2043 548 2115 Vetus
563 2045 810 2135 interpretatio
822 2041 951 2112 Latina
960 2040 1129 2135 Epistola
1141 2042 1211 2134 ejus
1224 2040 1271 2111 nd
1281 2039 1486 2113 Latinarum

428 2160 464 2227 iu
477 2157 615 2252 Reliqn.
634 2157 733 2229 βασι.
754 2158 820 2227 vol.
841 2155 912 2227 III.
931 2181 1007 2248 cap.
1019 2158 1077 2226 vii.
1096 2180 1129 2248 p.
1144 2161 1227 2228 443.

713 2367 750 2437 S.
778 2366 968 2437 Puruans
997 2367 1194 2436 Manrun.

477 2493 611 2567 Τούτων
628 2495 782 2568 ἁπάντων
804 2496 1055 2591 ὑποδειγμάτων
1081 2504 1154 2581 ἡμῖν
1177 2498 1229 2566 καί
1252 2499 1486 2592 ὑπογραμμῶν

427 2611 479 2680 καὶ
497 2617 603 2680 καλῶν
622 2610 859 2708 γνωρισμάτων
876 2615 907 2683 ἐν
925 2624 999 2689 παῖς
1016 2614 1112 2689 θείας
1130 2615 1182 2683 καὶ
1205 2616 1303 2708 ἱεραῖς
1327 2618 1486 2709 γραφαῖς

426 2726 584 2809 κειμένων,
598 2725 686 2796 οὐδὲν
698 2732 923 2810 μελλήσαντες
936 2732 969 2799 οἱ
980 2727 1133 2825 μακάριοι
1148 2728 1206 2798 σὺν
1219 2731 1292 2811 ἡμῖν
1304 2723 1485 2823 μάρτυρες,

427 2839 470 2910 τὸ
486 2849 545 2922 τῆς
563 2839 677 2937 ψυχῆς
701 2844 791 2925 ὄμμα
816 2842 900 2939 πρὸς
924 2844 986 2914 τόν
1002 2846 1055 2915 ἐπὶ
1082 2842 1212 2915 πάντων
1230 2842 1314 2913 θεὸν
1330 2829 1486 2939 καθαρῶς

427 2958 598 3039 τείναντες,
618 2958 669 3027 καί
695 2957 754 3028 τόν
777 2960 828 3027 ἐπ’
845 2961 993 3050 εὐσεβείᾳ
1021 2958 1163 3031 θάνατον
1186 2961 1217 3029 ἕν
1241 2965 1281 3048 νῷ
1303 2959 1484 3044 λαβόντες,

427 3071 535 3169 άπρίξ
549 3082 607 3155 τῆς
630 3080 773 3158 κλήσεως
794 3076 938 3171 εἴχοντο,
955 3075 1015 3147 τόν
1032 3076 1090 3158 μὲν
1108 3076 1231 3172 Κύριον
1248 3078 1332 3158 ἡμῶν
1349 3072 1486 3156 Ἰησοῦν

427 3187 585 3285 Χριστὸν
611 3192 759 3287 εὑρόντες
784 3194 1079 3287 ε’νανθρωπὴσαντα
1109 3191 1149 3262 dr'
1172 3195 1262 3275 ἡμᾶς,
1286 3193 1338 3261 ’ίνα
1364 3194 1486 3262 πᾶσαν

427 3303 485 3383 μὲν
502 3307 669 3401 ἁμαρτίαν
686 3303 824 3399 ἐκκόψῃ,
843 3306 962 3403 ἐφοδία
987 3306 1021 3378 δὲ
1042 3316 1101 3389 τῆς
1117 3309 1160 3383 εἷς
1176 3308 1236 3389 τὴν
1253 3307 1377 3377 αἰώνιον
1396 3303 1485 3403 ζωὴν

426 3417 554 3489 εἰσόδου
576 3424 649 3501 ἡμῖν
666 3419 861 3503 κατάθηται.
895 3420 1010 3516 Epist.
1028 3422 1076 3492 ad
1096 3421 1131 3492 Τ
1127 3420 1276 3492 hmilitas
1291 3422 1384 3513 apud
1404 3420 1486 3492 Eu-

426 3532 552 3603 sebium
571 3533 665 3604 Hnt.
685 3534 779 3606 Ecel.
796 3535 907 3607 VIII.
928 3544 984 3608 10.
1004 3561 1038 3629 p.
1054 3536 1137 3608 560.
1156 3539 1240 3609 edit.
1260 3537 1410 3606 Burton.

721 3735 811 3807 Iun.
839 3737 1178 3809 Conaruurruus.

477 3864 706 3957 Εὖαγγελικαί
734 3865 812 3963 γάρ,
837 3868 923 3963 φησὶ
951 3868 1220 3958 (Constantinus
1249 3867 1330 3961 Μ.),
1353 3867 1482 3951 βίβλοι

425 3980 476 4051 καί
498 3983 723 4053 άποστολικαὶ
749 3983 801 4052 καί
826 3988 890 4052 τῶν
908 3989 1057 4053 παλαιῶν
1074 3987 1257 4078 προφητῶν
1273 3978 1318 4051 τά
1337 3979 1500 4051 θεσπίσ-·

424 4125 526 4179 ματα,
545 4101 662 4191 σαφῶς
683 4100 764 4178 ἡμᾶς
786 4097 806 4166 d
832 4098 899 4193 χρὴ
925 4098 999 4193 περί
1023 4103 1085 4167 τοῦ
1102 4097 1199 4166 Θείου
1215 4101 1349 4193 φρονεῖν
1365 4096 1484 4166 ἐκπαι-

425 4208 560 4280 άεύουσι.
596 4211 656 4291 τὴν
677 4209 907 4292 πολεμοποιὸν
930 4208 984 4281 οὖν
1007 4207 1235 4287 ἀπελάσαντες
1258 4215 1334 4305 ἔριν,
1352 4211 1386 4279 ἐκ
1411 4216 1482 4281 τῶν

407 4324 650 4394 Ιθεοπνενίστων
667 4325 778 4417 λόγων
795 4322 951 4410 λάβωμεν
973 4332 1039 4397 τῶν
1064 4323 1263 4423 ζητουμένων
1287 4325 1347 4406 τὴν
1369 4326 1480 4397 λύσιν.

425 4441 468 4510 Iu
497 4438 663 4509 Oratione
688 4438 737 4509 ud
759 4437 950 4536 Episcopus
972 4440 1146 4526 Nicanor,
1168 4443 1345 4512 referente
1360 4440 1483 4511 Theo·

425 4554 548 4621 dorato
574 4551 670 4623 Hirr.
692 4552 785 4626 Εοαῐ.
808 4556 868 4627 lib.
883 4558 905 4625 i.
931 4581 1007 4650 cap.
1022 4564 1057 4628 5.
1085 4582 1120 4650 p.
1138 4562 1196 4628 25.
1223 4556 1308 4627 edit.
1327 4553 1480 4637 Valaaii,

425 4666 483 4735 vel
500 4690 574 4759 cap.
592 4666 626 4738 6.
644 4692 679 4761 p.
694 4675 778 4748 757.
797 4673 881 4743 edit.
901 4672 1065 4744 Schulae.
