3817 5692
498 686 565 749 348
642 683 951 747 TESTIMONIA
974 683 1039 745 DE
1062 682 1416 746 At'cTORITATE

551 858 614 927 Kal
641 857 821 926 ἀκόλουθόν
844 886 886 947 γε
909 853 1041 936 μηδενὸς
1065 856 1307 950 σφαλλομένον
1328 861 1393 926 τῶν
1409 857 1549 949 εὖαγγε·

498 979 633 1054 λιστιῖυ,
655 972 735 1053 μηδὲ
762 969 975 1063 ψευδομένου,
991 973 1032 1046 ὥς
1057 970 1178 1040 εἴποιεν
1199 966 1239 1040 (ἲν
1267 973 1300 1039 οἱ
1325 973 1548 1056 πιστεύοντες,

497 1088 678 1183 ἆμφότερα
695 1084 779 1156 κατὰ
797 1085 976 1181 διαφόρους
991 1084 1119 1179 καιροὺς
1135 1086 1288 1178 εἰρηκέναι
1311 1082 1371 1155 τὸν
1389 1085 1549 1156 Βαττισ·

496 1205 557 1284 τὴν
574 1204 805 1295 (Spectantur
826 1200 931 1271 tran.
950 1202 998 1270 iii.
1017 1206 1051 1271 t.
1077 1211 1115 1271 et
1135 1199 1251 1270 rllurc.
1270 1203 1293 1270 i.
1308 1205 1358 1293 7.)
1383 1203 1455 1272 καθ’
1476 1204 1548 1271 ἕτε-

495 1348 555 1415 ρον
575 1318 628 1386 καὶ
653 1318 767 1412 ἕτερον
788 1322 860 1385 νοῦν
875 1316 1065 1396 κινούμενον.
1091 1316 1128 1385 οὖ
1154 1312 1223 1411 γὰρ
1248 1316 1321 1408 περὶ
1348 1320 1413 1385 τῶν
1430 1317 1545 1397 αὐτῶν,

495 1434 536 1505 ὡς
562 1431 689 1501 οἴονταί
712 1462 806 1512 τινες,
824 1431 857 1499 σι’
881 1431 1207 1513 ἀπομνημονεύοντες,
1226 1428 1391 1526 διαφόρως
1412 1433 1547 1526 ἠνέχθη-

497 1549 632 1632 σαν,μῆ
656 1548 866 1645 ἀκριβοῦντες
893 1549 935 1638 τῇ
962 1550 1068 1637 μνήμῃ
1095 1547 1236 1616 ἕκαστον
1259 1552 1324 1615 τῶν
1341 1547 1545 1638 εἶρημένωνῆ

496 1664 726 1757 γεγενημένον.
776 1661 907 1735 Comm.
943 1662 980 1731 ιἰι
1013 1660 1121 1732 Joun.
1157 1672 1243 1731 tom.
1274 1658 1343 1728 Vl.
1378 1682 1455 1751 cap.
1486 1665 1546 1729 18.

496 1807 530 1874 p.
550 1785 634 1850 134.

543 1893 661 1964 Ἀλλὰ
692 1894 799 1991 σαφὲς
828 1894 883 1964 ὅτι
913 1896 1045 1975 ἀληθεῖς
1073 1895 1110 1961 αι’
1138 1895 1244 1961 πᾶσαι
1276 1892 1420 1987 γραφαί.
1451 1892 1546 1963 Ibid.

495 2020 582 2080 tom.
599 2011 687 2081 XX.
706 2035 782 2104 cap.
797 2017 857 2089 29.
875 2034 909 2103 p.
923 2015 1008 2086 357.
1035 2010 1136 2079 Prius
1157 2008 1265 2078 allata
1288 2018 1363 2078 erat
1382 2008 1547 2100 Epistola

497 2126 645 2196 Paulina
669 2127 714 2195 ad
741 2126 920 2196 Romanos
948 2149 1030 2195 cum
1058 2123 1236 2194 nonnullis
1252 2122 1396 2195 Veteris
1420 2123 1547 2195 Testa-

495 2242 607 2311 menti
625 2239 734 2310 libris.

544 2354 663 2425 Tar‘rra
678 2353 746 2450 γὰρ
759 2356 797 2425 οὔ
808 2355 909 2436 μόνον
919 2355 995 2451 περὶ
1007 2364 1066 2437 τῆς
1077 2352 1477 2447 ιἰποκαλῦψεωςἼωᾶννου
1489 2355 1543 2425 καὶ

493 2478 553 2541 τοῦ
567 2468 715 2541 Ἡσαΐου
732 2471 912 2560 (ᾹΙΙαιαοι
929 2473 980 2542 ibi
997 2468 1113 2543 fuerat
1130 2470 1251 2542 Esoioe
1267 2495 1341 2564 oap.
1360 2475 1435 2564 29.)
1453 2501 1545 2552 νομι-

493 2588 593 2656 στέον
623 2588 795 2678 λέγεσθαι,
824 2584 915 2656 ἀλλὰ
945 2586 998 2655 καὶ
1030 2586 1105 2679 περὶ
1136 2582 1243 2666 πάσης
1269 2585 1365 2661 θείας
1394 2592 1543 2681 γραφῆς.

492 2702 663 2774 ΡΙιὶῖοοαῐ.
681 2727 757 2795 cap.
772 2709 806 2773 2.
834 2702 917 2785 Ubi,
931 2704 1024 2774 sicut
1041 2704 1078 2771 in
1095 2725 1195 2794 capp.
1213 2702 1453 2793 sequentibus,
1469 2726 1544 2772 ser-

493 2844 635 2890 monem
654 2824 705 2890 ita
721 2820 876 2889 instituit
894 2819 1077 2911 Origenes,
1096 2826 1137 2886 ut
1160 2840 1230 2886 non
1258 2828 1397 2886 tantum
1423 2821 1441 2898 ἡ
1468 2822 1543 2888 θεο-

493 2934 649 3003 πνευστία
676 2933 741 3003 SS.
763 2934 1025 3025 Scripturarum
1053 2931 1262 3015 stabiliatur,
1287 2934 1348 3004 sed
1376 2935 1542 3005 omnibus

492 3052 599 3120 etiam
631 3049 844 3120 brevissimis
874 3049 1028 3140 ipsarum
1058 3049 1244 3118 sententiis
1273 3049 1391 3119 divina
1424 3050 1541 3120 inesse

493 3167 603 3235 virtus
648 3186 856 3255 summaque
894 3162 1030 3233 utilitas
1068 3162 1267 3257 colligatur.
1338 3162 1395 3235 Ae
1435 3189 1540 3258 porro

491 3304 537 3349 ex
563 3279 702 3371 mystici
728 3279 835 3371 hujus
858 3301 981 3348 sensus
1006 3278 1228 3370 expositione
1254 3280 1432 3351 conciliari
1457 3306 1539 3375 pos-

490 3419 528 3465 se
562 3405 670 3485 atque
704 3395 834 3464 debere
867 3396 993 3464 statuit
1027 3392 1213 3467 nonnullas
1242 3395 1537 3491 evangelistamm

490 3514 582 3581 inter
611 3534 649 3582 se
679 3513 939 3604 discrepantias.
992 3514 1088 3584 Vide
1105 3539 1179 3608 cap.
1199 3519 1233 3583 4.
1252 3527 1289 3583 et
1305 3515 1364 3584 fin.
1383 3538 1457 3606 cap.
1477 3518 1537 3585 15.

488 3637 526 3697 et
543 3651 618 3719 cap.
635 3625 693 3697 16.
711 3636 748 3697 et
766 3627 841 3696 init.
860 3650 936 3720 cap.
957 3627 1016 3699 26.
1047 3640 1085 3700 et
1114 3640 1222 3723 caput
1249 3629 1427 3712 ultimum,
1452 3654 1537 3701 cum

487 3738 627 3836 Eclopia
644 3743 683 3811 in
697 3739 839 3824 Lucam,
853 3767 887 3834 p.
899 3748 959 3821 95.
977 3745 1033 3813 ed.
1046 3744 1208 3815 Venetae.
1240 3744 1425 3827 Attamen,
1440 3747 1536 3837 quod

487 3865 610 3925 monet
628 3856 664 3926 S.
678 3855 884 3949 Pamphilus
901 3860 937 3928 in
954 3857 1129 3957 Apolopia
1148 3859 1307 3956 Oripenis
1325 3862 1361 3930 in
1378 3860 1440 3930 illo
1458 3863 1536 3955 ipso

486 3994 604 4063 opere,
622 3972 716 4062 quod
735 3971 790 4040 vel
815 3974 969 4043 maxime
987 3975 1242 4046 obtrectatores
1260 3977 1338 4067 ejus
1355 3985 1535 4059 accusant,

486 4087 521 4155 id
540 4095 605 4169 est,
625 4087 658 4153 iu
687 4095 812 4175 quarto
839 4087 913 4181 περὶ
936 4089 1047 4184 ἀρχῶν
1065 4089 1164 4173 libro,
1183 4092 1257 4161 sive
1273 4092 1310 4159 in
1327 4086 1537 4162 Plu’locolioe

485 4225 560 4294 cap.
577 4205 610 4270 1.
625 4202 718 4269 inter
734 4199 803 4270 alia
816 4202 890 4271 haec
905 4215 997 4285 sunt,
1013 4203 1143 4293 Πολλῷ
1158 4202 1227 4299 γὰρ
1245 4201 1381 4274 aneloni
1394 4206 1469 4275 ἐστι
1486 4205 1534 4276 τὰ

483 4316 569 4387 κατὰ
586 4316 645 4397 τὴν
658 4316 809 4408 ἱστορίαν
823 4317 1041 4398 ἆληθευόμενα
1059 4325 1123 4391 τῶν
1137 4321 1436 4417 προσυφανθέντων
1450 4348 1535 4411 γυμ-

483 4433 1534 4530 vorrkuarrrov,interpretauteRufino,Multaeaimplura

482 4556 570 4626 sunt,
585 4570 662 4639 quoe
679 4545 861 4617 secondum
879 4547 1060 4620 historiam
1079 4575 1160 4623 veru
1176 4561 1266 4635 sunt,
1277 4576 1379 4648 quum
1397 4575 1437 4623 eo
1455 4576 1534 4647 φαεν

482 4659 611 4729 aridum
628 4684 762 4732 sensum
780 4665 952 4735 continent
969 4666 1171 4760 spiritalem.
