3817 5692
438 693 502 760 292
632 695 695 759 DE
720 697 1102 760 REBAPTISMATE
1127 698 1286 761 LIBER.

438 881 650 963 accepemnt
681 872 866 964 baptisma,
892 873 1141 942 tantummodo
1171 873 1306 965 imponi
1332 873 1386 942 eis
1416 897 1496 944 ma-

438 1007 523 1053 num
546 987 591 1056 ab
615 988 788 1079 episcopo,
807 987 852 1055 ad
869 987 1116 1079 accipiendum
1134 986 1308 1079 Spiritum
1326 998 1494 1058 sanctum

437 1100 623 1185 sufficeret,
641 1112 679 1173 et
701 1102 776 1172 haec
799 1125 925 1171 manus
948 1103 1128 1194 impositio
1151 1104 1293 1196 signum
1315 1104 1400 1174 fidei
1425 1106 1495 1174 ite-

436 1226 553 1287 ratum
579 1227 686 1310 atque
712 1227 996 1288 consummatum
1024 1220 1075 1288 eis
1101 1227 1303 1311 praestarett
1331 1242 1379 1289 an
1406 1243 1492 1291 vero

436 1334 544 1402 etiam
562 1335 729 1404 iteratum
752 1334 929 1426 baptisma
950 1334 1006 1404 his
1031 1337 1265 1405 necessarium
1285 1344 1392 1418 esset,
1410 1348 1493 1406 tan-

436 1471 542 1539 quam
565 1449 653 1518 nihil
680 1449 864 1530 habituris,
889 1450 918 1518 si
946 1449 1015 1520 hoc
1042 1473 1183 1542 quoque
1209 1451 1330 1542 adepti
1358 1474 1407 1520 ex
1434 1452 1491 1520 in-

435 1571 536 1656 tegro
554 1566 804 1646 maluissent,
822 1565 968 1655 perinde
992 1588 1034 1634 ac
1057 1565 1085 1634 si
1109 1588 1288 1657 nunquam
1315 1566 1489 1659 baptisati

435 1678 471 1747 in
498 1682 640 1750 nomine
663 1679 752 1750 Jesu
782 1678 913 1749 Christi
945 1680 1072 1751 forent.
1125 1678 1285 1773 Ideoque
1314 1682 1491 1753 nonnulla

434 1796 627 1886 superbae
650 1819 742 1866 nova
763 1796 956 1887 quastione
980 1797 1111 1887 scripta
1133 1807 1197 1866 aut
1220 1797 1392 1887 rescripta
1409 1820 1491 1868 esse

435 1917 444 1945 ¹
444 1912 681 2001 jactabantur,
693 1911 820 2003 quibus
830 1921 982 2002 utraque
996 1934 1075 2003 pars
1086 1913 1129 1982 ad
1144 1913 1359 1983 destruenda
1369 1912 1490 1984 aliena

434 2049 572 2096 summo
593 2028 711 2097 studio
728 2027 920 2098 nitebatur.
974 2026 1018 2097 Iu
1036 2051 1106 2119 quo
1122 2051 1254 2121 genere
1271 2030 1489 2120 quaestionis,

433 2151 475 2212 ut
491 2142 580 2212 mihi
598 2144 747 2225 videtur,
765 2144 865 2215 nulla
885 2144 1030 2213 omnino
1052 2144 1226 2233 potuisset
1246 2145 1490 2217 controversia

432 2268 494 2327 aut
525 2259 734 2350 disceptatio
767 2282 959 2353 emergere,
989 2260 1018 2329 si
1049 2261 1288 2350 unusquisque
1323 2269 1489 2331 nostnrm

432 2382 622 2443 contentus
651 2376 843 2445 venerabili
878 2375 1106 2445 ecclesiamm
1141 2377 1299 2445 omnium
1332 2378 1490 2446 auctori-

431 2497 519 2569 tate,
537 2498 575 2559 et
592 2493 787 2561 necessaria
806 2491 1010 2561 humilitate
1031 2490 1119 2559 nihil
1139 2491 1306 2561 innovare
1323 2494 1487 2584 gestiret,

432 2626 513 2673 cum
531 2604 649 2676 locum
667 2607 938 2678 contradictioni
960 2629 1031 2675 non
1049 2605 1247 2698 quemlibet
1263 2608 1488 2678 animadver-

432 2728 534 2789 teret.
575 2719 744 2814 Namque
762 2745 867 2793 omne
885 2723 978 2814 quod
993 2744 1122 2813 anceps
1139 2730 1176 2791 et
1193 2722 1413 2816 ambiguum,
1428 2728 1488 2792 'et

431 2836 467 2903 in
486 2837 630 2907 diversis
647 2839 831 2908 sententiis
848 2837 1075 2930 prudentium
1094 2860 1135 2907 ac
1148 2836 1307 2908 fidelium
1324 2838 1485 2909 virorum

430 2954 666 3023 constitutum
687 2964 751 3036 est,
770 2956 798 3023 si
825 2963 948 3023 contra
974 2954 1121 3045 priscam
1149 2960 1188 3021 et
1213 2952 1484 3023 memorabilem

430 3076 639 3137 cunctomm
657 3070 887 3138 emeritorum
904 3076 1106 3138 sanctomm
1129 3076 1167 3136 et
1189 3067 1347 3137 fidelium
1365 3068 1484 3137 solen-

429 3182 609 3252 nissimam
620 3184 899 3253 observationem
908 3184 1099 3275 judicatur,
1112 3183 1269 3253 damnari
1285 3183 1408 3273 utique
1419 3183 1483 3251 de-

429 3340 597 3405 poneretur;
620 3332 710 3389 etita
731 3332 819 3389 edidit
833 3331 987 3407 Rigaltius.
1030 3332 1095 3389 Nos
1116 3332 1280 3407 scripsimus
1295 3331 1411 3389 Domini
1430 3350 1482 3389 no·

428 3430 489 3493 stri,
504 3437 566 3486 tum
581 3429 646 3504 quia
660 3429 745 3507 paulo
763 3437 830 3486 ante
849 3430 986 3504 scriptum
1005 3437 1050 3486 est
1069 3430 1097 3485 in
1115 3430 1221 3485 nomine
1233 3429 1290 3486 Dei
1307 3428 1397 3485 nostri
1410 3427 1482 3485 less

429 3526 542 3593 Christi,
558 3535 619 3584 tum
644 3528 710 3602 quia
734 3528 807 3585 infra
831 3527 936 3584 diserte
961 3528 1097 3603 scriptum
1123 3537 1166 3585 est
1191 3529 1219 3583 in
1240 3528 1345 3583 nomine
1365 3527 1482 3584 Domini

427 3625 514 3678 nostri
537 3624 605 3680 Jesu
631 3624 745 3681 Christi
789 3622 837 3681 Sic
865 3624 894 3681 in
918 3624 1089 3682 allocutione
1114 3624 1278 3681 Crescentis
1303 3643 1320 3680 a
1344 3623 1426 3681 Cirta
1449 3624 1480 3681 in

427 3721 546 3777 concilio
571 3722 790 3797 Carthaginensi
811 3741 878 3797 pag.
900 3739 916 3793 3
922 3740 972 3796 31.
996 3722 1134 3798 scriptum
1158 3730 1203 3779 est
1230 3722 1260 3777 in
1284 3722 1479 3779 vetustissimo

426 3819 523 3875 codice
539 3818 604 3877 MS.
617 3820 708 3877 sancti
722 3820 846 3894 Remigii
861 3819 1012 3876 Remensis
1024 3820 1195 3877 dilectissimi
1208 3838 1260 3876 non
1273 3837 1326 3894 pro
1339 3823 1438 3887 nostri,
1448 3829 1479 3878 et

426 3916 456 3971 in
479 3916 649 3974 allocutione
670 3917 805 3973 Munnuli
826 3935 843 3973 a
864 3917 954 3974 Girba
975 3917 1078 3975 ibidem
1100 3917 1219 3974 Domino
1239 3936 1257 3972 n
1277 3918 1388 3980 dicente,
1410 3935 1477 3974 cum

425 4011 577 4087 legendum
602 4014 638 4070 sit
660 4014 779 4071 Domino
801 4022 904 4071 nostro.
947 4013 996 4071 Sic
1020 4033 1071 4089 pro
1094 4032 1129 4070 eo
1153 4012 1230 4086 quod
1252 4012 1327 4087 apud
1349 4011 1478 4068 Marium

425 4108 618 4168 Mercatorem
643 4111 673 4166 in
695 4111 819 4167 editione
842 4118 940 4167 nostra
961 4130 1027 4186 pag.
1043 4110 1113 4184 348.
1136 4109 1273 4184 scriptum
1294 4115 1339 4165 est
1361 4109 1477 4164 nondam

424 4206 533 4263 seriam
552 4207 628 4275 dicit,
643 4225 696 4262 nos
717 4205 879 4261 monuimus
900 4224 965 4280 pag.
977 4220 1047 4281 470.
1070 4205 1223 4281 legendum
1237 4222 1300 4260 esse
1314 4222 1365 4260 non
1379 4206 1477 4261 Deam.

426 4300 541 4358 Bnuuz.

467 4406 474 4429 ¹
486 4400 679 4474 jactabantur]
696 4399 770 4456 Mihi
785 4399 876 4474 magis
890 4399 1016 4474 placeret
1023 4400 1179 4472 jactantur.

466 4503 525 4553 'et
549 4498 577 4553 in
604 4498 722 4556 diversis
747 4498 908 4572 sententiis]
937 4497 1071 4554 Fortasse
1099 4498 1270 4565 indicantur,
1296 4515 1358 4570 quae
1386 4495 1474 4551 modo

424 4594 515 4651 allatae
544 4604 610 4652 sunt
638 4596 844 4670 Episcoporum
872 4604 973 4652 contra
999 4597 1172 4672 baptismum
1202 4595 1376 4653 Hssreticum
1408 4611 1475 4649 sen·

424 4692 530 4748 tentiae.
