3817 5692
418 698 483 760 238
786 697 817 758 S.
834 694 1104 758 AUGUSTINI

419 870 509 940 tiani
525 879 616 950 sunt,
634 893 678 938 an
701 869 803 940 non?
826 868 871 941 Si
890 866 1087 941 Christiani
1108 877 1197 949 arnt,
1215 890 1278 937 aur
1296 869 1332 937 in
1350 866 1477 940 Eoele-

418 987 473 1055 sia
490 982 562 1054 Dei
578 1007 647 1054 non
663 984 775 1053 steret?
799 982 844 1056 Si
858 981 1055 1055 Christiani
1072 1005 1140 1052 non
1153 990 1242 1063 sarit,
1249 982 1355 1075 fierit.
1393 983 1476 1054 Aur

420 1123 487 1193 qao
513 1098 695 1193 pertinebit
723 1123 834 1171 sermo
861 1098 1010 1169 Domini
1037 1098 1192 1178 dicentis,
1221 1098 1292 1187 Qui
1322 1122 1390 1169 non
1423 1109 1476 1171 est

290 1215 297 1229 ’
421 1239 559 1297 noeane,
577 1214 739 1285 adversas
764 1239 816 1285 nie
841 1225 911 1293 est:
936 1224 968 1285 et
993 1216 1054 1308 qni
1084 1238 1150 1284 non
1179 1212 1308 1310 callipit
1329 1239 1474 1296 meeum,

420 1329 585 1426 sparpit?
620 1328 720 1402 Unde
744 1338 875 1400 eoristat
899 1327 1107 1423 strperjilias
1133 1328 1263 1400 alienos
1287 1339 1319 1399 et
1343 1328 1475 1400 soboles

421 1443 619 1515 antichristi
634 1444 809 1540 Spiritum
826 1454 980 1516 sanctam
997 1468 1063 1537 prr
1080 1468 1201 1514 manens
1218 1445 1473 1538 impositionem

422 1558 655 1630 tantummodo
681 1582 750 1630 non
776 1583 876 1653 posse
904 1558 1114 1641 descendere,
1144 1584 1219 1630 enm
1250 1558 1472 1655 manifestant

421 1678 468 1746 sit
484 1673 661 1747 haereticos
677 1672 845 1769 baptisma
863 1697 931 1744 non
947 1672 1078 1746 hubae.

473 1791 570 1862 Huic
588 1792 840 1881 respondetur:
868 1790 986 1881 Iniqui
1001 1790 1192 1861 Christiani
1209 1802 1303 1873 sunt,
1316 1814 1361 1861 an
1379 1790 1473 1860 nont

424 1908 463 1977 si
482 1906 672 1977 Christiani
690 1916 782 1988 sunt,
801 1929 864 1976 our
886 1906 922 1974 in
949 1905 1011 1977 illa
1036 1916 1136 1998 petra
1159 1930 1228 1976 non
1247 1915 1329 1976 sunt
1347 1908 1475 1997 inqua

418 2022 616 2092 aedifioatur
643 2021 822 2104 Ecclesia3
847 2022 997 2091 audiunt
1025 2024 1119 2091 enim
1146 2023 1252 2091 verba
1274 2021 1404 2092 Christi
1435 2031 1474 2092 at

424 2159 495 2206 non
513 2137 658 2207 faciunt.
702 2137 740 2208 Si
759 2137 949 2207 Christiani
968 2159 1038 2205 non
1056 2147 1148 2217 sunt,
1167 2136 1265 2206 fiant.
1307 2134 1382 2206 Aut
1399 2160 1474 2227 quo

424 2253 616 2342 pertinebit
639 2275 753 2322 sermo
772 2252 918 2321 Domini
944 2252 1106 2333 dicentis,
1124 2253 1194 2335 Qui
1221 2275 1290 2321 non
1317 2264 1371 2321 est
1397 2275 1474 2323 rne-

425 2388 519 2446 cum,
536 2366 721 2437 adversum
744 2353 801 2437 ¹me
819 2380 893 2450 est3
919 2377 958 2436 et
983 2367 1042 2458 qui
1068 2390 1208 2437 mecum
1231 2391 1302 2437 uon
1322 2366 1474 2460 colligit,

426 2482 582 2574 spargit?
617 2481 797 2576 Spargunt
820 2484 916 2552 enim
942 2505 1026 2552 oves
1051 2484 1214 2575 ejusqui
1240 2505 1299 2553 eas
1324 2484 1369 2553 ad
1394 2505 1475 2552 mo-

425 2620 503 2666 rum
543 2621 685 2667 suorum
726 2598 840 2667 labem
882 2620 989 2689 prava
1028 2600 1225 2668 imitatione
1263 2598 1474 2690 perducunt.

426 2712 533 2782 Unde
557 2722 706 2794 constat,
727 2737 833 2804 super
856 2713 948 2783 lilios
973 2712 1105 2784 alienos
1123 2716 1231 2804 (quod
1258 2735 1379 2783 omnes
1404 2713 1475 2781 ini-

426 2830 487 2918 qui
516 2828 752 2921 appellantur)
783 2838 821 2897 et
848 2827 986 2898 soboles
1010 2828 1223 2899 Antichristi
1250 2828 1357 2920 (qnod
1388 2837 1476 2898 sunt

427 2966 550 3013 omnes
579 2947 639 3037 qui
670 2943 812 3015 Christo
842 2946 1084 3034 adversantur)
1110 2945 1281 3036 Spiritum
1310 2958 1476 3013 anctum

427 3082 490 3149 per
511 3082 635 3130 manus
657 3060 917 3151 impositionem
936 3058 1183 3129 tantummodo
1206 3082 1276 3129 non
1293 3081 1394 3150 posse
1412 3059 1477 3128 de-

427 3176 604 3254 scendere,
634 3176 661 3244 si
693 3175 807 3244 cordis
835 3198 906 3244 non
936 3175 1028 3244 adsit
1057 3196 1139 3243 vera
1163 3173 1363 3254 conversim
1389 3196 1475 3242 oum

427 3289 653 3360 manifestum
684 3290 731 3358 sit
758 3290 896 3384 iniquos
925 3290 1094 3380 quamdiu
1125 3290 1235 3381 iniqui
1266 3297 1357 3367 sunt,
1388 3288 1477 3379 bap-

427 3405 531 3474 tisma
547 3405 690 3495 quidam
708 3427 810 3497 posse
827 3405 968 3484 habere,
986 3405 1047 3474 sed
1072 3405 1220 3474 salutem
1239 3406 1338 3495 eujus
1360 3426 1477 3473 saera-

426 3530 586 3589 mentum
606 3520 781 3610 baptisma
797 3519 1006 3600 esthabere
1022 3542 1092 3588 non
1111 3542 1223 3611 posse.
1277 3518 1477 3588 Videamus

426 3635 519 3704 enim
544 3636 572 3703 si
597 3634 752 3704 haeretici
776 3635 1025 3705 describuntur
1045 3635 1081 3703 in
1101 3633 1241 3704 Psalmo
1260 3633 1331 3714 illo,
1349 3633 1409 3702 ubi
1429 3634 1476 3703 de

265 3765 408 3815 Pnlaextiv.
427 3751 507 3822 tiliis
524 3751 647 3822 alienis
661 3753 711 3822 ita
724 3752 869 3822 dicitur:
898 3763 918 3791 ‘⁶
932 3751 1098 3834 Domine,
1112 3752 1222 3822 libera
1234 3775 1293 3822 me
1307 3752 1351 3820 de
1365 3772 1477 3820 manu

266 3841 352 3892 ⁷'¹⁵'
429 3877 448 3906 ‘⁴
464 3867 616 3937 filiorum
642 3868 849 3949 alienorum,
867 3890 1015 3960 quorum
1035 3890 1074 3936 os
1092 3867 1249 3937 locutum
1268 3876 1323 3936 est
1341 3867 1478 3936 vanita-

428 3993 447 4022 “
465 3992 549 4064 tem,
561 3992 598 4053 et
612 3984 760 4052 dextera
777 4006 897 4052 eorum
917 3984 1065 4053 dextera
1081 3984 1298 4073 iniquitatis;
1323 4003 1477 4072 quorum

428 4109 447 4137 ‘⁴
464 4098 526 4167 tilii
546 4095 681 4168 ieorum
700 4100 798 4169 velut
825 4093 972 4169 norallae
993 4097 1235 4180 earistabilitae,
1252 4097 1333 4166 tiliae
1350 4118 1477 4166 eorum

428 4223 447 4250 ‘⁶
465 4223 595 4282 ornatas
629 4215 721 4283 sieut
754 4214 949 4283 similitudo
980 4214 1114 4305 templi.
1167 4213 1318 4283 Cellaria
1348 4235 1477 4282 eorum

428 4334 447 4363 ‘⁶
465 4325 580 4416 plena,
611 4326 833 4397 eructuantia
866 4348 911 4394 ex
943 4325 1011 4394 hoo
1044 4326 1080 4394 in
1116 4324 1202 4394 hoo:
1238 4348 1321 4395 oves
1350 4346 1477 4394 eorum

488 4550 497 4593 ί
512 4553 568 4609 Hie
582 4572 616 4610 ex
632 4552 724 4610 MSS.
739 4552 878 4616 addimus,
893 4571 993 4609 eoram.
1038 4553 1302 4622 (Consentientibus
1317 4551 1411 4621 meis.)
