3817 5692
439 687 504 748 ⁶242
806 688 836 748 S.
855 685 1126 748 AUGUSTINI

440 878 505 925 nec
524 856 633 925 Pater
650 864 766 925 vester
787 856 946 924 dimittet
968 855 1085 925 vobis:
1112 865 1247 946 quanto
1269 857 1382 948 magis
1407 878 1499 926 cum

278 992 430 1041 namu.
440 994 499 1040 eos
512 972 669 1051 oderant,
681 970 808 1061 quibus
821 970 1065 1040 retribuebant
1075 970 1168 1040 mala
1179 993 1242 1062 pro
1253 970 1378 1040 bonis?
1408 969 1498 1039 Nec

278 1070 315 1105 '²'
439 1097 558 1157 tamen
585 1087 642 1156 isti
669 1085 796 1156 saeculo
820 1087 934 1156 verbis
964 1086 1046 1155 solis
1072 1094 1110 1155 et
1138 1108 1207 1155 non
1231 1086 1333 1156 factis
1359 1109 1498 1155 renun-

438 1203 579 1281 tiantes,
598 1203 625 1271 si
645 1210 767 1292 postea
784 1202 1053 1292 corrigerentur,
1071 1222 1189 1269 rursus
1206 1200 1496 1292 baptizarentur;

438 1316 499 1385 sed
534 1340 605 1385 uuo
636 1316 734 1385 vitali
764 1316 977 1407 baptismate
1012 1315 1324 1385 sanctificarentur.
1379 1314 1494 1397 Quod

437 1432 581 1523 quidem
598 1434 634 1501 in
653 1430 838 1501 Catholica
859 1440 923 1512 est,
942 1432 1002 1501 sed
1026 1454 1097 1499 non
1122 1431 1158 1498 in
1181 1429 1273 1511 sola3
1300 1431 1393 1499 sicut
1420 1452 1493 1498 uec

437 1549 474 1617 in
500 1549 630 1618 sanctis
655 1548 747 1627 solis,
771 1548 830 1638 qui
857 1547 1019 1616 aedificati
1045 1554 1128 1616 sunt
1153 1567 1258 1637 super
1282 1554 1433 1636 petram,
1450 1554 1494 1614 et

275 1673 420 1724 emtas.
439 1687 484 1735 ex
502 1664 630 1756 quibus
647 1663 752 1732 unica
768 1661 829 1731 illa
845 1661 1011 1731 columba
1028 1662 1218 1754 perficitur.

275 1790 393 1853 Cer-ss·
490 1778 616 1849 Castus
638 1801 659 1848 a
681 1778 784 1849 Sicca
805 1778 918 1846 dixit:
945 1775 1016 1865 Qui
1041 1783 1206 1847 conterrita
1231 1778 1371 1846 veritate
1389 1798 1493 1869 prcc-

437 1895 543 1963 sumit
567 1892 841 1965 consuetudinem
867 1893 974 1988 sequi,
991 1902 1052 1962 out
1073 1894 1166 1962 circo
1182 1889 1321 1985 fratres
1348 1890 1493 1961 invidus

437 2017 486 2078 est
515 2018 547 2079 et
576 2007 756 2105 muliones,
783 2008 903 2103 quibus
932 2011 1058 2080 caritas
1086 2006 1276 2086 revelatum
1302 2017 1362 2078 out
1391 2009 1490 2080 circa

437 2122 552 2194 Deum
580 2126 738 2221 irroratus
767 2134 824 2207 est,
853 2127 948 2217 crty'os
975 2124 1204 2220 irupirotionc
1230 2122 1386 2195 Ecclesia
1415 2123 1490 2217 ejus

439 2242 635 2311 instruitur.

489 2356 563 2427 Iste
585 2359 614 2429 si
636 2359 861 2429 convinceret
887 2382 947 2429 eos
973 2360 1033 2450 qui
1060 2359 1196 2428 diversa
1221 2358 1432 2439 sentiebant,
1449 2368 1492 2426 et

439 2471 507 2541 hoc
533 2474 714 2556 tenebant,
733 2476 827 2566 quod
853 2476 962 2544 etiam
988 2484 1085 2545 totus
1111 2475 1205 2544 orbis
1229 2483 1353 2566 postea
1370 2471 1494 2541 Cbris-

439 2588 536 2658 tiano
550 2589 700 2659 concilio
713 2590 939 2660 confirmatus
953 2591 1117 2671 obtinuit,
1129 2593 1181 2660 ita
1194 2588 1492 2659 consuetudinem

439 2705 550 2795 sequi,
561 2714 601 2774 ut
612 2714 880 2775 contemnerent
893 2707 1090 2788 veritatem,
1102 2706 1174 2775 baec
1182 2705 1288 2774 verba
1299 2704 1494 2773 formidare

440 2818 667 2891 deberemus:
695 2844 775 2890 cum
799 2844 881 2890 vero
906 2820 968 2890 illa
993 2822 1213 2891 consuetudo
1239 2829 1277 2889 et
1300 2819 1494 2890 averitate

439 2946 631 3028 propagata
648 2946 685 3006 et
699 2938 847 3006 veritate
865 2936 1028 3007 roborata
1044 2938 1248 3028 reperiatur,
1262 2934 1349 3005 nibil
1366 2936 1403 3003 in
1420 2934 1494 3006 hae

440 3052 617 3122 sententia
631 3051 920 3142 pertimescimus.
949 3052 997 3121 Et
1008 3060 1129 3121 tamen
1142 3053 1170 3121 si
1184 3052 1236 3121 illi
1249 3049 1494 3145 circosrotres

441 3164 554 3236 invidi
576 3176 674 3237 erunt
697 3174 728 3237 et
749 3164 904 3262 moliyui,
918 3177 980 3238 out
1002 3167 1096 3238 circa
1111 3166 1226 3238 Deum
1246 3167 1385 3264 irrorati,
1403 3190 1494 3239 ecce

441 3280 602 3371 qualibus
619 3283 936 3365 communicabant,
951 3305 1034 3353 ecce
1047 3284 1169 3374 quales
1182 3285 1317 3353 diversa
1334 3284 1496 3354 sentien-

441 3405 507 3477 tes,
519 3395 612 3465 sicut
622 3393 817 3486 Cyprianus
835 3398 1006 3487 praedixit,
1021 3420 1042 3466 a
1051 3400 1134 3490 jure
1148 3398 1404 3468 communionis
1417 3420 1495 3468 non

441 3510 663 3592 amovebant,
672 3512 927 3602 ecceaquibus
939 3535 1012 3581 non
1023 3512 1271 3604 polluebantur
1283 3514 1497 3583 in⁰conser-

443 3627 584 3695 vatione
596 3628 751 3708 unitatis,
763 3649 846 3697 ecce
859 3639 1031 3718 quantum
1046 3630 1236 3699 amandum
1249 3630 1296 3698 sit
1308 3628 1494 3700 vinculum

444 3741 558 3831 pacis;
579 3763 662 3810 ecce
679 3742 763 3832 quid
782 3744 1005 3812 considerent
1022 3746 1080 3836 qui
1100 3745 1201 3815 uobis
1218 3746 1262 3814 de
1276 3743 1494 3837 Ppraedeces·

443 3876 559 3922 sorum
585 3854 838 3946 Episcoporum
865 3857 1013 3927 coneilio
1040 3858 1313 3943 calumniantur,
1339 3883 1493 3951 quorum

443 3969 627 4038 caritatem
654 3994 725 4039 non
751 3972 946 4054 imitantur,
965 3983 1002 4043 et
1024 3998 1174 4066 quorum
1196 3976 1361 4068 exemplo
1378 3978 1497 4045 eonsi-

444 4082 566 4152 derato
589 4086 670 4175 jure
697 4088 918 4157 damnantur.
970 4088 1009 4159 Si
1037 4091 1255 4161 consuetudo
1285 4101 1371 4172 erat,
1399 4093 1496 4161 sicut

486 4367 501 4397 ⁰
517 4358 578 4413 Am.
594 4359 643 4414 Er.
663 4367 692 4414 et
713 4359 808 4433 plures
829 4360 918 4418 MSS.
941 4364 970 4418 in
993 4365 1193 4420 cocomatioae
1216 4366 1336 4421 unitatis.
1381 4364 1498 4435 (Minus

445 4453 517 4510 bene
532 4462 561 4511 et
575 4455 630 4511 mei
645 4458 845 4513 conversatione
858 4460 989 4530 habeut.)

487 4561 501 4605 Ρ
517 4551 550 4607 In
565 4551 655 4609 MSS.
665 4573 869 4629 processurum.
914 4557 1030 4627 (Itidem
1045 4559 1074 4614 in
1089 4559 1181 4629 meis.)
