3817 5692
508 710 573 774 124
725 711 977 776 ARCHELAI
1011 713 1075 775 ΕΤ
1108 714 1327 777 MANETIS

506 891 605 973 patre
636 882 813 963 mendax3
851 892 932 974 post
966 883 1040 953 haec
1070 906 1164 967 vero,
1195 907 1277 954 cum
1312 885 1426 955 factus
1460 896 1553 957 esset

505 998 623 1080 homo,
649 1020 690 1067 ac
716 998 903 1069 mendacio
929 1000 1006 1091 ejus
1033 1002 1157 1071 fuisset
1186 1011 1224 1071 et
1254 1002 1553 1073 circumventione

505 1114 684 1205 deceptus,
702 1137 782 1184 cum
810 1137 886 1185 sese
911 1117 1115 1187 insemisset
1142 1119 1277 1208 corpori
1304 1119 1476 1208 serpentis
1501 1139 1554 1187 sa·

505 1232 686 1322 pientioris
720 1233 879 1301 omnium
914 1232 1118 1313 bestiarum,
1149 1241 1236 1303 tunc
1270 1232 1466 1325 appellatus
1499 1243 1554 1304 est

504 1345 669 1426 mendax,
684 1368 755 1415 una
771 1369 854 1416 cum
872 1356 972 1438 patre
989 1368 1063 1428 sno,
1076 1356 1134 1416 ‘et
1150 1346 1317 1418 effectum
1335 1358 1478 1418 estnon
1501 1371 1556 1418 so-

505 1461 579 1530 lum
597 1484 703 1553 super
725 1462 839 1554 ipsum
862 1462 1037 1533 mendacii
1056 1463 1296 1545 maledictum,
1315 1466 1377 1535 sed
1395 1473 1433 1535 et
1450 1487 1555 1557 super

504 1586 641 1669 patrem
659 1578 745 1670 ejus.
797 1577 889 1647 Cum
915 1600 1000 1670 ergo
1025 1600 1168 1669 serpens
1193 1581 1383 1670 recepisset
1408 1602 1491 1648 eum
1517 1580 1553 1647 in

504 1714 591 1774 sese,
625 1702 662 1761 et
696 1694 885 1785 recepisset
921 1693 1134 1772 universum,
1168 1704 1338 1785 tanquam
1372 1717 1553 1788 praegnans

503 1807 651 1879 effectus
668 1817 733 1890 est,
750 1808 905 1900 ingentis
927 1807 1073 1878 malitiae
1096 1808 1227 1878 fascem
1251 1819 1405 1900 portans,
1423 1820 1460 1879 et
1477 1819 1553 1880 erat

502 1925 595 1994 sicut
621 1947 802 2015 puerpera,
828 1946 906 2015 quoe
932 1933 1035 2015 partu
1062 1933 1218 2017 urgetur,
1241 1926 1363 1995 volens
1388 1948 1552 1996 evomere

502 2040 664 2133 malignae
681 2039 915 2132 suggestionis
933 2040 1009 2130 ejus
1028 2034 1187 2133 sagitata.
1239 2040 1350 2109 Primi
1369 2042 1463 2111 enim
1488 2042 1551 2110 ho-

502 2155 608 2224 minis
623 2153 772 2247 gloriam
789 2154 944 2245 graviter
961 2154 1076 2223 ferens
1093 2175 1246 2245 serpens,
1259 2154 1435 2247 ingressus
1452 2176 1551 2246 para-

502 2269 627 2350 disum,
646 2276 684 2338 at
706 2270 886 2360 conceptis
911 2269 948 2336 in
972 2290 1009 2338 se
1033 2268 1221 2350 doloribus,
1238 2270 1427 2339 mendaces
1443 2271 1552 2361 coepit

501 2405 669 2476 generare
686 2405 874 2464 sermones,
893 2393 930 2452 et
948 2393 1101 2453 mortem
1123 2406 1245 2475 parere
1262 2384 1472 2466 hominibus,
1489 2385 1551 2475 qui

501 2524 522 2571 a
541 2501 620 2571 Deo
637 2503 776 2571 fuerant
793 2501 946 2594 figurati,
963 2511 1002 2571 et
1018 2513 1227 2594 acceperant
1246 2503 1365 2571 vitam.
1412 2501 1549 2573 Verum

500 2639 571 2686 non
589 2616 706 2707 potuit
723 2624 839 2685 totum
867 2637 905 2685 se
931 2616 1159 2685 manifestum
1182 2616 1298 2685 facere
1323 2637 1386 2706 per
1410 2637 1551 2706 serpen·

501 2740 595 2815 tem3
625 2732 688 2802 sed
718 2733 910 2802 reservavit
939 2732 1195 2824 perfectionem
1222 2753 1332 2812 suam,
1359 2753 1464 2822 quam
1491 2732 1552 2800 de·

499 2858 712 2917 monstraret
735 2849 770 2916 in
790 2846 929 2928 Csina
952 2872 1022 2939 quo
1045 2856 1234 2941 generatus
1260 2857 1314 2916 est
1340 2856 1448 2915 totus,
1502 2845 1550 2915 Et

500 2987 563 3054 per
596 2973 796 3055 serpentem
831 2965 974 3055 quidem
1009 2963 1219 3056 hypocrises,
1249 2972 1287 3033 et
1317 2962 1471 3033 fallacias
1504 2962 1549 3031 ad

501 3079 613 3149 Evam
640 3080 914 3150 demonstravit:
941 3103 1005 3171 per
1020 3078 1107 3149 Cain
1134 3103 1216 3149 vero
1242 3079 1421 3148 homicidii
1448 3102 1550 3149 exor-

499 3197 596 3266 dium
614 3195 723 3276 dedit,
741 3196 897 3266 inserens
914 3218 952 3266 se
970 3197 1006 3265 in
1024 3197 1197 3288 primitias
1214 3196 1366 3288 frugum,
1385 3192 1551 3286 quasillo

498 3308 591 3377 male
608 3310 798 3381 distribuit.
852 3310 909 3380 Ex
933 3310 1001 3380 hoe
1024 3311 1202 3380 homicida
1218 3309 1415 3402 appellatus
1432 3316 1487 3378 est
1503 3308 1550 3377 ab

497 3423 619 3507 initi03
646 3426 799 3496 mendax
818 3449 901 3496 vero
923 3427 1089 3516 quoniam
1107 3426 1245 3506 fefellit,
1264 3426 1393 3505 dicens,
1417 3422 1549 3493 'Erilis

498 3548 661 3632 tunquam
687 3539 781 3610 Dii.-
806 3542 912 3633 ejecti
937 3553 1021 3612 sunt
1046 3543 1142 3612 enim
1168 3552 1293 3634 postea
1318 3542 1363 3609 de
1388 3539 1549 3632 paradiso

497 3654 558 3736 illi,
577 3678 665 3746 quos
682 3657 779 3726 Deos
802 3658 940 3729 futuros
966 3681 1042 3728 esse
1068 3658 1224 3728 fallebat.
1277 3656 1440 3726 Efficitur
1464 3679 1548 3748 ergo

497 3772 591 3861 prior
606 3780 708 3862 pater
720 3773 806 3865 ejus,
820 3774 880 3864 qui
898 3795 981 3842 eum
999 3775 1036 3843 in
1053 3782 1156 3844 utero
1174 3774 1347 3866 concepit,
1359 3781 1397 3841 et
1413 3773 1547 3865 genuit,

496 3896 603 3978 atque
628 3888 663 3957 in
691 3888 807 3959 lucem
834 3889 946 3959 edidit
964 3913 1127 3983 serpens;
1153 3891 1328 3961 secundus
1346 3911 1429 3958 vero
1446 3886 1549 3970 Cain,

496 4004 555 4093 qui
575 4025 637 4094 per
653 4005 858 4095 iniquitates
876 4015 1076 4098 conceptas,
1095 4006 1244 4089 dolores,
1262 4016 1300 4076 et
1322 4002 1546 4097 parricidium

495 4119 652 4208 peperit;
678 4122 881 4190 interfectio
907 4123 1043 4191 etenim
1069 4123 1307 4214 iniquitatem,
1325 4120 1545 4212 injustitiam,

495 4244 602 4325 atque
628 4236 848 4327 impietatem
876 4238 1010 4328 pariter
1033 4240 1260 4331 perpetravit.
1312 4236 1383 4307 Sed
1407 4245 1445 4307 et
1470 4235 1547 4326 qui·

495 4371 636 4440 cunque
666 4374 747 4420 eum
784 4353 989 4443 suscipiunt,
1018 4363 1055 4423 et
1086 4355 1221 4424 faciunt
1256 4353 1331 4446 ejus
1365 4350 1546 4430 desideria,

577 4537 589 4569 θ
607 4528 639 4585 ln
654 4530 752 4587 codice
768 4531 924 4598 (lesinensi,
941 4540 980 4588 ut.
1198 4531 1211 4575 f
1223 4534 1318 4599 forte,
1333 4535 1463 4608 cogitata.

920 4668 928 4691 ¹
943 4662 1017 4720 Gen.
1032 4663 1071 4720 iii.
1089 4683 1118 4740 5.
