3817 5692
508 691 573 753 184
732 689 986 751 ARCHELAI
1018 687 1082 749 ET
1114 687 1334 750 MANETIS

509 872 599 945 tum,
630 862 690 953 qui
725 861 956 932 descenderat
990 862 1025 930 in
1060 862 1176 951 specie
1206 859 1388 940 columbae,
1418 883 1558 952 eorpus,

510 977 604 1070 quod
622 986 835 1068 susceperat,
853 985 994 1067 portare
1010 976 1130 1067 possit.

560 1089 623 1159 LI.
651 1089 740 1161 Haec
766 1114 848 1161 cum
875 1091 1022 1160 dixisset
1042 1089 1252 1171 Archelaus,
1269 1090 1449 1159 admiratae
1475 1098 1558 1159 sunt

509 1208 626 1279 turbae
644 1208 832 1278 veritatem
856 1207 1024 1277 doetrinae
1041 1208 1126 1297 ejus,
1144 1215 1182 1275 et
1205 1206 1326 1276 laudes
1350 1208 1383 1276 ei
1409 1207 1558 1275 immen-

510 1346 565 1394 sas
590 1346 672 1393 cum
697 1322 909 1393 clamoribus
936 1322 1175 1404 reddiderunt,
1192 1323 1243 1393 ita
1260 1329 1301 1391 ut
1322 1323 1417 1392 omni
1438 1322 1558 1392 studio

511 1447 732 1521 conarentur,
750 1447 809 1508 ⁰et
826 1438 921 1507 ultra
943 1438 977 1507 ei
1003 1460 1073 1507 non
1098 1438 1253 1507 sinerent
1275 1437 1319 1507 ad
1345 1439 1484 1529 propria
1504 1460 1559 1507 re-

511 1575 648 1635 meare3
674 1562 712 1623 et
737 1541 823 1622 tune
849 1552 994 1643 quidem
1023 1552 1267 1622 discesserunt.
1321 1551 1450 1622 Postea
1475 1574 1558 1621 vero

512 1666 735 1759 congregatis
765 1666 826 1747 eis,
854 1663 1054 1736 Archelaus
1086 1667 1309 1757 acquiescere
1342 1664 1419 1748 sibi,
1449 1674 1558 1757 atque

512 1780 634 1851 audire
668 1781 814 1851 verbum
842 1780 1032 1850 suadebat:
1059 1803 1130 1849 non
1158 1781 1253 1849 enim
1280 1779 1355 1861 soli,
1386 1781 1446 1871 qui
1476 1803 1558 1849 cunr

511 1895 670 1965 Diodoro
687 1903 798 1978 erant,
816 1895 1009 1965 audiebant
1026 1918 1120 1977 eum,
1139 1896 1199 1965 sed
1217 1918 1340 1964 omnes
1357 1896 1558 1987 quicunque

512 2033 558 2080 ex
585 2011 765 2101 provincia
793 2011 868 2101 ejus
897 2010 1054 2091 aderant,
1084 2023 1192 2101 atque
1221 2034 1267 2081 ex
1298 2011 1419 2079 vicinis
1449 2010 1557 2091 locis3

512 2125 677 2215 factoque
702 2124 852 2204 silentio,
870 2124 937 2193 hoe
957 2126 1063 2194 modo
1080 2125 1126 2194 de
1145 2124 1256 2195 Mane
1277 2125 1394 2194 dicere
1419 2146 1558 2216 aggres-

513 2259 571 2307 sus
588 2247 653 2307 est.
706 2237 869 2320 Qualiter
885 2260 922 2307 se
939 2238 1084 2329 quidem
1110 2238 1239 2308 habeat
1263 2248 1384 2308 nostra
1400 2239 1558 2308 doctrina

456 2385 460 2392 ·
513 2352 669 2433 audistis,
687 2362 725 2422 et
741 2353 824 2423 fidei
850 2361 977 2423 nostra
998 2354 1242 2445 experimenta
1265 2354 1427 2445 cepistis;
1453 2361 1559 2443 prout

513 2468 614 2558 potui
648 2470 743 2537 enim
777 2467 976 2561 intelligere
1010 2468 1220 2560 Scripturas
1249 2492 1364 2539 coram
1396 2469 1559 2538 omnibus

514 2582 613 2652 vobis
631 2584 788 2675 exposui.
842 2581 913 2653 Sed
940 2605 1034 2652 nunc
1054 2578 1282 2674 ‘paucissime
1306 2585 1422 2653 dicore
1439 2583 1560 2652 volen-

513 2705 589 2766 tem
614 2697 792 2790 deprecor,
811 2708 853 2767 ut
870 2720 952 2766 cum
979 2697 1120 2768 silentio
1145 2698 1307 2778 audiatis
1326 2708 1367 2767 ut
1392 2720 1560 2792 agnosca-

514 2813 569 2892 tis,
591 2813 651 2903 qui
677 2814 733 2894 sit,
753 2822 791 2882 et
816 2813 920 2895 unde,
942 2821 981 2881 et
1006 2812 1119 2904 qualis
1144 2814 1191 2882 sit
1216 2815 1294 2894 iste,
1318 2814 1379 2904 qui
1404 2813 1559 2894 advenit,

513 2927 605 2996 sicut
624 2926 772 2997 Sisinius
789 2928 955 3018 &quidam
983 2949 1074 2996 uuus
1095 2950 1140 2996 ex
1165 2928 1353 2997 comitibus
1369 2929 1445 3019 ejus
1470 2927 1560 2996 indi-

513 3042 608 3111 cavit
624 3041 723 3124 mihi,
741 3064 848 3133 quem
866 3043 976 3112 etiam
999 3043 1044 3111 ad
1070 3043 1313 3112 testimonium
1331 3065 1462 3124 eorum,
1481 3065 1561 3133 quae

514 3177 612 3225 ame
635 3155 807 3238 dicentur,
825 3157 854 3226 si
880 3156 1008 3248 placet,
1027 3178 1152 3226 vocare
1177 3165 1319 3248 paratus
1345 3178 1434 3226 sum.
1486 3155 1560 3226 Sed

512 3292 558 3339 ne
584 3264 687 3361 llipse
712 3271 857 3361 quidem
883 3272 1002 3341 dicere
1028 3271 1202 3341 recusavit
1228 3272 1363 3353 eadem,
1390 3295 1470 3363 quae
1496 3294 1560 3339 nos

513 3383 673 3466 dicimus,
707 3394 878 3475 praesente
912 3384 1047 3466 Mane3
1085 3386 1235 3455 credidit
1269 3389 1364 3457 euim
1393 3386 1560 3455 doctrinae

512 3508 643 3567 nostrae
673 3498 903 3590 supradictus,
932 3500 1024 3569 sieut
1052 3509 1091 3569 et
1120 3501 1213 3591 apud
1241 3524 1299 3570 me
1325 3501 1414 3570 alius
1441 3501 1559 3570 Turbo

512 3613 666 3683 nomine.
719 3612 953 3706 Quaeeuuque
971 3637 1054 3708 ergo
1073 3617 1262 3685 contestati
1283 3626 1366 3686 sunt
1382 3615 1479 3696 mihi,
1498 3616 1558 3685 sed

513 3737 551 3797 et
573 3751 710 3819 eaquae
733 3729 885 3819 nosipsi
910 3730 1206 3821 deprehendimus
1231 3731 1267 3799 in
1293 3731 1360 3800 hoc
1386 3732 1471 3813 viro,
1488 3753 1560 3799 non

555 3968 568 3999 ⁸
589 3958 627 4015 Et
647 3958 694 4016 hie
713 3960 860 4033 particula,
873 3969 909 4027 el,
924 3960 1005 4017 deest
1025 3962 1054 4017 in
1076 3960 1173 4018 codice
1188 3961 1345 4026 Cannensi,
1361 3981 1444 4036 quam
1464 3971 1559 4018 tamen

513 4055 649 4112 orationis
660 4056 747 4112 series
756 4057 901 4114 evidenter
910 4057 1047 4131 exposcit.
1073 4059 1150 4130 (For.
1159 4059 1231 4115 altro
1240 4078 1292 4133 pro
1301 4059 1374 4115 altra
1384 4058 1558 4135 legendum.)

554 4147 673 4216 ‘Forte
684 4153 863 4226 paucissima.

554 4255 571 4299 Β
592 4245 665 4302 cod.
688 4246 851 4304 Casinensis
873 4249 950 4305 nullo
975 4268 1059 4306 sensu
1079 4251 1173 4318 habet,
1194 4252 1313 4309 Sicinius
1333 4253 1440 4326 quidam
1463 4271 1511 4308 vos
1528 4271 1562 4309 ea

514 4341 653 4398 comitibus
666 4345 725 4414 aas
739 4343 867 4400 indicavit
881 4345 957 4409 miti,
972 4365 1030 4420 qaae
1043 4348 1123 4404 etiam
1138 4355 1183 4411 ac.

553 4436 569 4479 ¹¹
598 4439 636 4495 Et
660 4440 706 4495 hic
730 4440 942 4497 emendavimus
970 4444 1075 4500 codicis
1098 4445 1261 4503 Casinensis
1284 4447 1444 4513 lectionem,
1468 4446 1508 4501 ita
1530 4465 1561 4502 se

513 4533 673 4601 habentem,
690 4538 746 4610 ipsc
760 4535 863 4607 quidem
878 4555 918 4591 me
932 4537 1022 4593 dicere
1036 4541 1171 4596 recusavit
1186 4546 1231 4604 bc.
