3817 5692
583 693 826 755 RESPONSA
851 694 917 755 ΑΙ)
942 692 1206 756 EPISCOPOS.
1352 692 1417 763 269

366 865 498 934 duobus
523 866 634 934 modis
651 865 892 935 defendimur:
920 866 1003 957 quia
1020 875 1057 934 et
1076 865 1158 935 huic
1177 865 1337 948 concilio,
1356 867 1416 936 ubi

367 979 434 1049 hoc
462 982 728 1072 pronuntiatum
758 991 821 1061 est,
845 1003 914 1049 non
943 982 1192 1062 consentimus,
1217 980 1313 1050 salvo
1335 983 1417 1073 jure

367 1097 521 1177 unitatis,
540 1096 631 1165 sicut
648 1098 723 1187 ipse
740 1094 935 1189 Cyprianus
960 1098 1146 1188 predixit:
1170 1106 1206 1165 et
1224 1097 1325 1167 bonis
1342 1121 1418 1167 rna-

368 1209 418 1280 ios
443 1213 477 1280 in
502 1212 640 1281 unitate
664 1211 849 1286 catholica,
868 1212 983 1281 donec
1000 1213 1036 1281 in
1054 1213 1124 1281 fine
1142 1236 1163 1282 a
1180 1215 1299 1282 tritico
1316 1213 1418 1305 palea

366 1335 557 1417 separetur,
576 1326 663 1395 nihil
683 1327 806 1395 obesse
824 1326 1046 1395 arbitramur.
1100 1325 1165 1396 isti
1184 1338 1317 1408 autern,
1335 1329 1418 1419 quia

366 1451 403 1509 et
421 1441 488 1508 hoc
506 1440 695 1509 concilium
715 1451 895 1531 tamquam
920 1464 984 1532 pro
1008 1464 1045 1510 se
1070 1442 1266 1531 proterruit,
1283 1454 1321 1511 et
1344 1465 1419 1511 rna·

366 1554 479 1624 lorum
512 1557 761 1623 communione
792 1556 890 1646 quasi
921 1557 1133 1648 contagione
1163 1557 1274 1626 bonos
1303 1558 1418 1646 perire

366 1670 596 1744 contendunt,
615 1692 684 1737 non
703 1671 888 1739 inveniunt
906 1672 1085 1760 quomodo
1103 1674 1234 1751 dicant,
1248 1680 1310 1741 aut
1328 1673 1419 1762 prio-

366 1807 421 1854 res
439 1781 655 1855 Christianos
673 1786 767 1854 unde
787 1787 844 1855 isti
867 1799 1117 1879 propagantur,
1136 1810 1204 1855 non
1224 1787 1331 1855 fuisse
1349 1795 1419 1856 tra-

366 1899 507 1973 ditores.
530 1901 613 1991 quia
642 1901 710 1969 isto
737 1899 887 1970 concilio
917 1901 1197 1982 convincuntur:
1222 1909 1284 1971 aut
1310 1902 1354 1969 ad
1380 1922 1418 1970 se

366 2037 436 2082 non
467 2016 643 2106 pertinere
668 2016 821 2086 facinora
850 2016 1018 2108 priorum,
1036 2018 1119 2107 quia
1145 2017 1245 2087 nobis
1270 2018 1418 2108 majores

367 2141 503 2199 nostros
520 2131 702 2222 objiciunt.

416 2242 510 2313 Item
541 2244 630 2315 alius
657 2246 788 2317 Lucius
818 2270 839 2316 a
866 2246 1073 2317 Membresa
1102 2247 1213 2319 dixit:
1239 2246 1417 2341 Scriptum
1428 2263 1493 2312 cnr.
1506 2263 1546 2313 2⁶.

368 2366 425 2440 est,
455 2357 553 2444 Dens
578 2371 789 2453 peccatorem
822 2383 891 2430 non
921 2360 1029 2431 ondit.
1083 2360 1155 2449 Qui
1176 2371 1338 2455 μεσαῖον
1360 2344 1565 2471 estffm

367 2474 533 2566 quomodo
550 2474 671 2545 audini
688 2477 726 2546 in
743 2474 910 2570 baptismo
925 2477 1069 2570 potest?

417 2590 708 2683 Respondemus:
735 2592 924 2674 Quomodo
941 2593 1087 2661 auditur
1104 2615 1228 2661 avarus
1246 2602 1283 2662 et
1301 2603 1420 2685 raptor

368 2715 405 2774 et
422 2705 612 2776 foenerator
628 2716 666 2777 et
683 2705 885 2777 homicida?
915 2706 975 2777 An
1004 2708 1061 2776 isti
1089 2730 1159 2776 non
1186 2718 1269 2777 suut
1296 2731 1420 2799 pecca·

369 2829 483 2903 tores;
510 2845 598 2912 quos
621 2832 742 2892 tamen
764 2819 959 2915 Cyprianus
982 2824 1016 2890 in
1036 2819 1222 2893 Catholica
1244 2824 1418 2917 objurgat,

369 2944 406 3003 et
425 2934 572 3005 tolerati

420 3050 512 3118 Item
537 3050 626 3118 alius
644 3050 750 3120 Felix
767 3074 788 3119 a
807 3049 1013 3120 Buslacenis
1037 3051 1148 3120 dixit:
1175 3048 1222 3120 In
1247 3048 1542 3135 decretionem.

368 3164 443 3233 sinc
463 3161 628 3258 baptismo
644 3162 811 3236 Ecclesia
836 3163 1058 3235 admittendis
1083 3185 1181 3234 nemo
1206 3164 1421 3235 cmnrtctndi·

370 3303 445 3349 ncm
462 3280 595 3350 notioni
611 3289 642 3350 ct
659 3281 797 3351 onituti
810 3290 994 3375 proeponct
1004 3304 1016 3359 ,·
1043 3281 1125 3373 quio
1143 3279 1419 3351 consuetudinem

369 3396 460 3464 natio
477 3404 509 3465 et
526 3396 651 3466 veritos
667 3420 800 3490 semper
816 3394 976 3466 excludit.

420 3510 518 3583 Huic
548 3514 801 3602 respondetur:
841 3510 1045 3581 Veritatem
1076 3534 1146 3580 non
1178 3511 1345 3594 ostendis,
1375 3512 1421 3582 dc

370 3628 626 3697 consuetudine
660 3628 848 3697 confiteris.
901 3627 1017 3696 Recte
1050 3626 1161 3719 igitur
1194 3629 1423 3698 consuetudi·-

371 3766 452 3810 nem
485 3754 686 3811 teneremus
719 3743 874 3836 plenario
905 3741 1056 3812 concilio
1085 3742 1279 3833 posteriore
1306 3744 1422 3813 iirrna-

373 3859 584 3937 tumetium
609 3859 636 3927 si
662 3860 791 3927 veritas
816 3857 931 3926 adhuc
959 3856 1095 3938 lateret,
1114 3879 1220 3947 quam
1247 3858 1423 3929 credimus

365 3970 440 4060 jam
460 3992 535 4039 esse
553 3971 825 4040 manifestatam.

422 4084 529 4155 Alius
547 4086 759 4156 Saturninus
775 4085 821 4155 ab
837 4086 993 4156 Abitinis
1011 4086 1122 4154 dixit:
1148 4083 1194 4156 Si
1204 4094 1316 4179 potest
1332 4087 1545 4164 anti-cmc.

373 4197 521 4271 christus
538 4200 622 4271 darc
639 4199 745 4270 oiicni
761 4201 912 4296 qratiam
932 4199 1081 4284 Christi,
1093 4210 1239 4294 possunt
1261 4211 1292 4273 et
1315 4200 1423 4273 icare-

373 4316 435 4386 tici
451 4314 635 4410 baptizare,
654 4317 714 4411 qni
730 4315 893 4412 appellati
909 4326 989 4387 sont
1007 4314 1215 4387 antichristi.

426 4433 521 4516 Quid
554 4435 580 4503 si
614 4432 702 4503 alius
732 4435 888 4505 diceret:
916 4433 953 4503 Si
986 4442 1105 4525 potest
1133 4432 1311 4502 homicida
1341 4434 1423 4504 dare

375 4548 480 4618 alicui
499 4551 648 4642 gretiam
666 4546 807 4632 Christi,
825 4558 973 4641 possunt
991 4557 1028 4618 et
1050 4548 1109 4640 qui
1130 4548 1254 4618 fratres
1272 4547 1423 4618 oderunt
