3817 5692
553 684 585 745 S.
611 682 895 746 SCRIPTURAE
921 683 1285 748 ANTE-NICAENA.
1374 685 1439 749 847

438 896 539 910 --
556 854 610 922 ούκ
628 852 730 935 ἧττον
747 852 781 924 δὲ
798 854 850 923 καὶ
869 851 937 923 άπὸ
955 859 1020 925 τῶν
1032 852 1118 936 μετά
1136 852 1196 924 τὸν
1209 853 1336 936 Ἰησοῦν
1355 883 1439 948 γρα-

390 966 528 1063 φέντων,
545 967 597 1036 καί
614 969 648 1036 ἐν
663 977 736 1043 ταῖς
759 967 940 1049 ἐκκλησίαις
964 968 1053 1037 θείων
1070 964 1147 1038 εἶναι
1166 968 1437 1050 πεπιστευμένων.

390 1082 482 1153 Ibid.
501 1106 576 1176 cap.
591 1086 650 1153 45.
667 1107 702 1175 p.
717 1081 803 1158 476.

438 1240 538 1255 —-
555 1199 592 1267 ού
615 1196 683 1294 γάρ
705 1196 816 1293 ἅρχων
833 1199 936 1268 αὐτῶν
957 1199 975 1267 ὁ
998 1195 1091 1281 θεὸς,
1108 1198 1199 1282 ἀλλ’,
1215 1197 1256 1275 ὥς
1278 1203 1384 1294 φασιν
1407 1202 1440 1269 οἱ

391 1315 469 1382 θεῖοι
504 1312 617 1405 λύγοι,
651 1314 670 1382 ὁ
699 1309 922 1410 Βεελζεβούλ.
974 1312 1066 1383 Ibid.
1101 1313 1161 1385 lib.
1180 1314 1252 1385 viii.
1283 1338 1359 1407 cap.
1379 1320 1438 1386 25.

390 1448 425 1518 p.
442 1424 526 1504 761.

441 1540 511 1611 Καὶ
540 1538 607 1636 γάρ
636 1542 672 1622 ἦν
694 1548 753 1622 τῆς
779 1542 1007 1624 οίκονομούσης
1028 1540 1167 1639 χάριτος
1189 1542 1250 1614 τάν
1273 1550 1337 1615 τοῦ
1354 1544 1439 1615 θεοῦ

389 1654 498 1746 λόγον
522 1655 622 1752 ἔργον
648 1655 779 1730 Comm.
798 1658 836 1727 in
853 1654 1045 1728 Ρνουονύίο
1071 1682 1104 1750 p.
1119 1662 1153 1727 4.
1205 1658 1287 1728 Hoc
1317 1660 1439 1730 scribit

391 1771 564 1863 Origenes
582 1773 626 1841 de
645 1770 820 1843 Mattbaeo
837 1773 1007 1844 nonnulla
1024 1775 1199 1845 referente
1216 1797 1334 1867 agenr.
1386 1774 1438 1846 Et

316 1935 322 1946 -
390 1887 426 1955 in
444 1885 641 1984 Erepetr‘eis
669 1889 740 1958 suis
764 1911 869 1981 super
892 1889 1135 1983 Evangelistas
1157 1891 1199 1981 τῇ
1224 1872 1437 1979 θεοπνευστίᾳ

390 2001 545 2093 ipsorum
563 2004 752 2075 credidisse
769 2028 806 2075 se
824 2004 917 2076 clare
935 2006 1101 2076 ostendit.
1128 2003 1224 2098 Ἐγώ
1241 2004 1299 2087 μὲν
1312 2003 1375 2089 οὖν,
1388 2006 1439 2076 ait

390 2116 451 2188 ille
470 2118 725 2192 Commentario
748 2121 786 2191 in
808 2118 910 2205 Mal„
937 2124 1018 2193 ι’ὣπα
1041 2121 1078 2192 ἓν
1103 2121 1121 2203 ἢ
1145 2122 1222 2203 μίαν
1247 2122 1376 2217 κεραίαν
1401 2122 1439 2191 ού

390 2235 534 2304 πιστεύω
550 2236 638 2317 κενίηυ
654 2233 731 2306 εἶναι
751 2237 841 2307 θείων
856 2233 1068 2320 μαθημάτων·
1096 2234 1138 2307 τὸ
1156 2234 1190 2307 dd
1207 2233 1439 2330 ἐπιτυγχάνειν

390 2347 611 2441 ἔρμηνεύοντα,
627 2353 766 2440 ἡγοῦμαι
780 2358 914 2421 πολλοῦ
930 2351 1055 2422 δεῖσθαι
1072 2351 1182 2442 λόγου
1199 2349 1250 2421 διά
1267 2347 1310 2422 τὸ
1328 2349 1439 2448 decrep-

389 2466 544 2546 μήνευτον
560 2470 625 2534 τῶν
642 2463 861 2561 πραγμάτων.
889 2475 974 2536 tom.
993 2466 1098 2535 XVI.
1117 2489 1192 2559 cap.
1205 2470 1263 2535 12.
1281 2489 1315 2558 p.
1327 2471 1411 2543 734.

441 2578 551 2675 Εἴπερ
574 2579 641 2676 γὰρ
666 2581 807 2675 ἀκριβῶς
829 2582 1026 2662 πιστεύομεν
1044 2577 1303 2677 ἀναγεγράφθαι
1330 2610 1440 2675 συνερ-

279 2759 280 2763 ,
392 2700 530 2784 γοῦνπος
554 2695 606 2763 καί
631 2700 694 2765 τοῦ
715 2695 814 2786 άγίον
832 2694 1034 2777 Πνεύματος,
1052 2691 1097 2766 τά
1115 2695 1306 2786 εύαγγελία,
1323 2694 1375 2763 καί
1392 2694 1437 2777 μὴ

390 2807 590 2905 ἐσφάλησαν
619 2812 651 2879 ἐν
676 2816 725 2899 τῷ
756 2810 1025 2894 ἀπομνημονεύειν
1053 2813 1086 2880 οί
1115 2805 1313 2905 γράφοντες
1343 2805 1437 2892 αύτά,

391 2924 490 3008 θῆλυν
507 2925 560 2996 ὅτι
578 2926 646 2995 ε’πεί
670 2927 714 3008 μὴ
738 2923 873 2997 δυνατὸν
890 2927 921 2995 ε’ν
943 2931 1016 3015 μιᾷ,
1033 2926 1085 2995 καί
1112 2931 1155 3016 τῇ
1179 2926 1260 3017 αι’ντῇ
1285 2924 1437 3016 ἐπιδημίᾳ

390 3040 509 3124 άληθὲς
526 3041 602 3111 εἶναι
622 3041 675 3112 δύο
693 3043 841 3140 τυφλούς
858 3044 1117 3135 τεθεραπεῦσθαι
1138 3041 1362 3137 1’νήἓ’να,ἕτε’ρα
1379 3040 1438 3124 μὲν

391 3153 541 3236 ε’πιθημία
559 3153 736 3235 δεδήλωται
754 3154 817 3226 ὑπὸ
833 3161 895 3226 τοῦ
912 3154 1105 3236 Ματθαίου,
1122 3154 1219 3248 ἑτέρα
1243 3152 1278 3224 δὲ
1297 3152 1360 3224 ὑπὸ
1377 3161 1440 3225 τοῦ

392 3265 544 3366 Μάρκου,
562 3268 619 3352 ἤδη
637 3268 671 3341 δὲ
688 3272 739 3340 καί
757 3269 846 3353 άλλη
862 3269 926 3340 ύπά
943 3277 1004 3342 τοῦ
1022 3268 1147 3361 Λουκᾷ,
1165 3271 1205 3346 ὡς
1229 3276 1278 3360 τῷ
1302 3272 1440 3352 ε’πισπῆ-

390 3415 488 3455 σανπι
505 3386 539 3454 ἐκ
555 3393 615 3466 τῆς
631 3384 715 3482 πρὸς
737 3386 812 3463 τούς
831 3385 968 3463 λοιπούς
990 3384 1153 3482 διαφοράς
1172 3384 1317 3456 ἔστινκαὶ
1335 3392 1439 3458 τοῦτο

389 3502 636 3598 τεθαρρηκότως
653 3502 902 3600 ἀποφήνασθαι.
931 3503 1022 3574 Ibid.
1040 3526 1073 3595 p.
1089 3508 1174 3580 732.

439 3656 539 3672 -·-
557 3618 623 3689 εἴτε
649 3618 718 3713 γάρ
743 3625 784 3712 τῇ
816 3625 935 3716 γραφῇ
964 3618 1111 3701 άπιστεῖ,
1129 3615 1221 3705 παρὰ
1244 3616 1305 3689 πάν
1327 3620 1440 3700 ε’κκλη·

391 3731 563 3804 σιαστικάν
589 3740 719 3817 ποιήσει
749 3736 866 3827 λόγον·
897 3737 964 3806 ε’ίτε
990 3744 1049 3807 δια.
1087 3736 1179 3806 Ibid.
1207 3736 1437 3807 tom.XV11.

391 3870 466 3940 cap.
481 3849 615 3940 penult.
633 3873 666 3941 p.
681 3855 765 3928 827.
817 3852 948 3921 Confer
966 3864 1052 3920 tom.
1071 3850 1141 3919 XI.
1160 3873 1236 3939 cap.
1254 3853 1312 3924 17.

442 3959 546 4058 Τάχα
577 3961 629 4032 ούν
658 3961 710 4044 τὸ,
741 3965 968 4059 ἐπεχείρησαν,
1000 3965 1110 4055 (apud
1135 3960 1176 4032 S.
1194 3961 1325 4032 Lucam
1343 3964 1365 4033 i,
1385 3963 1434 4055 l.)

391 4081 563 4159 λεληθυῖαν
579 4079 872 4174 ἔχεικατηγορίαν
889 4084 953 4150 τῶν
977 4081 1151 4173 προπετῶς
1176 4075 1227 4146 καί
1253 4076 1353 4173 χωρίς
1377 4107 1441 4173 χο-

294 4238 300 4250 .
390 4194 554 4288 ρίσματος
579 4193 742 4264 ελθάντων
765 4193 818 4263 ἐπὶ
844 4195 904 4275 τὴν
927 4193 1125 4288 ἀναγραφὴν
1147 4197 1212 4263 τῶν
1229 4192 1438 4283 εύαγγελίων·

392 4307 570 4384 Ματθαῖος
597 4307 664 4404 γάρ
691 4311 746 4379 ούκ
772 4311 978 4406 ε’πιχείρησεν
1002 4310 1079 4378 ἀλλ’
1098 4307 1262 4404 ἔγραφεν,
1281 4307 1319 4402 ἕξ
1342 4310 1442 4399 άγίου

391 4425 568 4507 κινούμενος
600 4425 801 4510 Πνεύματος.
845 4428 962 4508 ὁμοίως
997 4426 1049 4495 καί
1081 4422 1220 4521 Μάρκος
1248 4424 1301 4495 καί
1333 4420 1442 4493 Ἰωάν-

392 4566 452 4621 νης·
480 4542 718 4637 παραπλησίως
739 4541 845 4613 δὲκαὶ
865 4540 1006 4617 Λουκᾶς.
1042 4538 1174 4612 Homil.
1195 4541 1224 4610 I.
1243 4542 1280 4610 in
1298 4538 1439 4624 Dlwam,

391 4679 425 4747 P·
440 4662 524 4735 932.
829 4676 908 4744 (For.
923 4676 982 4731 ἀλλ’
996 4676 1025 4745 η)
