3817 5692
810 719 1114 783 ARCHELAUS.
1445 718 1487 783 17

438 890 544 967 linem,
563 892 619 954 sed
641 898 754 975 postca
777 892 858 954 hanc
879 911 988 954 curam
1007 890 1046 953 iis
1064 890 1241 973 relinquere
1261 889 1361 952 mtius
1381 887 1486 964 duxit,

437 993 491 1076 qui
503 1011 617 1057 novam
628 992 799 1057 editionem
811 1014 942 1077 operum
953 994 986 1055 S.
998 992 1168 1077 Epiphanii
1178 991 1357 1076 aggressuri
1369 1002 1484 1065 essent,

436 1100 495 1157 aut
523 1095 577 1178 qui
608 1094 749 1158 Socratis
779 1094 919 1158 historiae
944 1115 1015 1157 cum
1045 1093 1131 1158 notis
1159 1092 1333 1157 doctissimi
1365 1090 1486 1155 Valesii

436 1215 547 1258 rursus
560 1196 691 1259 edendae
712 1215 841 1278 operam
863 1194 1068 1279 susciperent.
1114 1193 1160 1257 Et
1181 1193 1335 1256 hactenus
1358 1191 1485 1275 quidem

437 1298 481 1360 nil
500 1298 586 1362 eliud
601 1320 642 1362 ex
658 1296 809 1361 Archelai
829 1296 1046 1381 disputatione
1060 1295 1219 1380 publicam
1233 1295 1334 1358 lucem
1349 1294 1484 1379 aspexit.

435 1399 518 1464 (lum
542 1408 652 1464 autam
678 1399 767 1464 Sacri
793 1399 873 1463 Loci
899 1398 1079 1462 reverentia
1101 1397 1226 1473 ductus,
1255 1396 1408 1460 Casinum
1433 1416 1484 1459 ve

437 1503 564 1578 mosem,
589 1511 625 1566 et
652 1501 694 1565 ab
723 1500 952 1586 antiquissimis
975 1499 1173 1583 temporibus
1199 1498 1361 1561 conditam
1391 1497 1435 1561 ibi
1463 1518 1485 1561 a

436 1602 627 1667 doctissimis
640 1621 731 1687 reque
745 1622 783 1666 ac
794 1601 1000 1665 sanctissimis
1015 1599 1245 1664 coenobiarchis
1260 1598 1485 1662 bibliothecam

437 1698 689 1783 perlustrassem,
709 1698 794 1761 inter
815 1698 879 1762 alia
901 1720 964 1761 non
987 1718 1090 1781 pauca
1111 1696 1232 1760 inedita
1252 1695 1358 1759 adhuc
1376 1704 1484 1760 vetera

437 1806 653 1875 monumenta,
670 1798 820 1863 Archelai
834 1799 992 1884 integram
1005 1820 1077 1862 cum
1089 1799 1224 1861 Meneta
1235 1796 1484 1881 disputationem

437 1900 469 1962 in
490 1906 711 1963 sexcentorum
735 1907 768 1963 et
789 1899 924 1985 amplius
946 1920 1103 1963 annorum
1124 1898 1231 1962 codice
1253 1896 1367 1981 reperi,
1387 1916 1483 1982 quam

436 2002 520 2064 bona
539 2001 789 2065 reverendissimi
805 2002 966 2086 quondam
984 2001 1123 2078 abbatis,
1138 2022 1220 2063 nunc
1235 2021 1310 2063 vero
1326 1998 1481 2084 archiepi-

435 2104 522 2189 scopi
537 2104 746 2168 Rossanensie
761 2105 899 2168 Andreae
915 2104 1057 2168 Deodati
1073 2103 1132 2167 viri
1147 2100 1363 2166 humanissimi
1384 2109 1482 2185 atquc

434 2206 614 2271 amicissimi
639 2205 741 2283 venia,
765 2228 837 2269 cum
860 2206 1019 2270 nonnullis
1040 2206 1111 2269 aliis
1132 2214 1274 2270 veterum
1296 2203 1423 2288 scriptis
1448 2204 1482 2266 in

436 2307 598 2371 Vaticauce
618 2306 818 2371 bibliothece
835 2315 1059 2371 ornamentum
1081 2305 1249 2371 transcribi
1269 2304 1388 2382 curavi,
1407 2325 1480 2388 ope·

434 2427 503 2471 ram
528 2408 730 2492 favoremque
763 2429 857 2472 surum
886 2409 1111 2472 humanissime
1143 2414 1317 2493 praestante
1352 2407 1480 2469 Domno

435 2508 619 2594 Augustino
639 2509 801 2573 Collicello
821 2532 841 2574 a
856 2510 1004 2596 Neapoli,
1021 2518 1097 2575 tunc
1112 2509 1265 2593 temporis
1279 2508 1480 2572 bibliothecae

433 2608 516 2673 illius
530 2610 694 2695 proet'ecto.
740 2610 812 2674 Non
833 2632 962 2697 possum
977 2620 1085 2676 tamen
1106 2612 1157 2674 hic
1175 2609 1301 2674 silentio
1316 2610 1480 2694 praeterire

432 2718 588 2795 quantum
602 2711 832 2797 diligentissimi
853 2714 984 2777 alterius
1007 2713 1237 2777 bibliothecarii
1258 2713 1384 2775 Erasmi
1400 2714 1481 2776 Gat-

432 2812 507 2876 tolae
521 2834 542 2877 a
558 2813 675 2897 Cajeta
688 2813 881 2878 humanitati
897 2815 1040 2890 debeam,
1057 2814 1109 2897 qui
1130 2835 1291 2897 nunquam
1305 2814 1383 2876 meis
1398 2813 1479 2876 votis

433 2913 545 2990 deluit,
571 2915 784 3000 plurimosque
810 2916 842 2979 in
864 2937 1008 2980 meorum
1030 2915 1206 2979 studiorum
1234 2915 1412 2999 profectum
1434 2914 1479 2978 la-

432 3016 525 3080 bores
547 3017 632 3081 ultro
653 3017 781 3095 subivit,
802 3018 980 3103 prasertim
1002 3018 1035 3080 in
1060 3017 1267 3081 emaculanda
1290 3017 1350 3081 hac
1372 3017 1478 3102 dispu-

431 3117 555 3182 tatione
569 3119 733 3197 Archelai,
748 3120 838 3203 cujus
857 3120 1033 3205 apographi
1052 3120 1187 3205 plurima
1206 3120 1277 3183 loca
1295 3120 1419 3183 mendis
1433 3120 1479 3182 in-

430 3219 593 3297 cubantis,
608 3242 681 3285 cum
694 3222 869 3307 archetypo
880 3222 988 3287 codice
1003 3222 1147 3286 contulit.
1178 3222 1242 3286 Sed
1254 3232 1290 3286 ut
1304 3223 1347 3285 ad
1357 3222 1477 3285 Arche-

429 3319 517 3384 laum
533 3324 672 3401 redeam,
683 3330 810 3407 reperto
821 3323 880 3387 hoc
892 3324 1106 3388 vetustissimo
1116 3325 1268 3389 adversus
1279 3324 1478 3387 Manichaeos

430 3444 535 3507 opere,
558 3426 600 3489 ad
622 3425 751 3489 nefaria
773 3426 945 3489 eorundem
970 3426 1125 3490 hereseos
1150 3426 1316 3490 historiam
1340 3425 1476 3488 conscri-

430 3524 568 3588 bendam
576 3526 715 3590 animum
727 3527 865 3604 admovi,
874 3527 966 3612 eique
974 3550 1037 3592 non
1047 3530 1143 3591 modo
1154 3528 1312 3613 integram
1326 3527 1476 3592 Archelai

431 3625 691 3711 disputationem,
717 3630 773 3693 sed
798 3639 831 3694 et
861 3629 969 3694 Photii
999 3630 1190 3714 patriarcha
1221 3633 1290 3693 CP.
1319 3631 1416 3694 libros
1436 3630 1475 3694 iv.

429 3728 582 3792 adversus
596 3728 794 3793 Manicmos
815 3752 873 3793 suo
893 3737 1037 3814 tempore
1056 3731 1173 3795 iterum
1193 3739 1331 3808 exortos,
1350 3731 1476 3814 aliaque

430 3829 532 3893 multa
545 3830 650 3894 adhuc
663 3830 794 3907 inedita,
809 3831 977 3917 magnique
991 3832 1137 3896 facienda
1152 3839 1294 3896 veterum
1308 3841 1476 3896 auctorum

429 3930 550 4014 scripta
571 3932 754 4017 appendicis
775 3933 844 3996 loco
865 3934 1055 4018 subjungere
1076 3935 1295 3998 decreveram:
1320 3935 1376 3998 sed
1398 3934 1474 3997 doc·

428 4030 621 4096 tissinvorum
643 4034 780 4098 virorum
799 4034 928 4099 consilio
948 4036 1068 4099 lactum
1089 4045 1147 4112 est,
1164 4046 1201 4099 ut
1223 4036 1256 4099 in
1276 4044 1475 4099 antecessum

428 4140 503 4196 acta
528 4133 591 4198 ista
615 4135 649 4198 in
678 4135 780 4220 primo
809 4136 1003 4200 collectionis
1030 4144 1149 4201 nostrae
1178 4145 1266 4201 tomo
1294 4137 1473 4200 ederentur.

430 4231 541 4297 Habes
560 4235 679 4319 itaque,
695 4237 819 4301 erudite
840 4235 949 4315 lector,
966 4238 1123 4322 integram
1146 4237 1295 4301 Archelai
1311 4259 1383 4301 cum
1401 4237 1475 4300 Ma·

428 4342 502 4399 nete
531 4337 779 4422 disputationem
806 4339 891 4402 bona
916 4338 979 4401 lide
1008 4361 1048 4401 ex
1078 4339 1263 4424 apographo
1292 4337 1474 4402 Casinensis

426 4437 553 4514 codicis,
585 4439 669 4523 qnod
698 4440 731 4503 in
762 4440 917 4503 Vaticana
946 4439 1138 4503 bibliotheca
1163 4448 1316 4514 servatur,
1343 4439 1472 4512 editam,

428 4537 637 4624 brevibusque
655 4540 740 4605 notis
759 4539 877 4605 criticis
896 4539 1100 4617 illustratam,
1117 4548 1215 4628 atque
1236 4540 1290 4603 ubi
1312 4559 1369 4623 per
1388 4538 1473 4619 inge-

426 4639 514 4703 nium
529 4647 602 4705 tuto
612 4642 711 4720 licuit,
723 4643 941 4717 emendatam3
957 4649 1031 4706 sunt
1046 4642 1129 4706 enim
1141 4643 1173 4705 in
1184 4664 1223 4707 co
1234 4640 1341 4705 codice
1353 4639 1472 4704 librarii

468 4763 535 4805 von.
552 4764 582 4805 v.
939 4766 960 4804 n
