3817 5692
646 680 889 744 RESPONSA
913 678 981 741 AD
1005 677 1268 741 EPlSCOPOS.
1413 674 1477 740 265

429 846 595 943 baptismo
621 847 787 920 Eccicsioe
816 848 1058 926 remittentem
1093 847 1153 941 qui
1181 844 1377 916 decreticum
1409 869 1476 915 noct

428 963 588 1058 baptizat,
601 965 776 1059 peccatori
793 964 1028 1034 communicat.

480 1080 574 1163 Quid
593 1080 652 1150 ille
670 1081 731 1172 qui
749 1080 815 1150 hoc
833 1081 977 1152 facienti
996 1081 1244 1161 communicat,
1262 1101 1379 1149 nonne
1397 1102 1478 1170 pec-

429 1195 538 1264 catori
556 1194 818 1264 communicat?
845 1194 940 1277 Quid
960 1201 1079 1263 autem
1098 1191 1193 1261 aliud
1209 1192 1385 1262 faciebant
1403 1214 1478 1261 om-

428 1333 491 1379 nes
514 1308 717 1401 judicantes
745 1311 933 1389 neminem,
964 1318 1026 1378 aut
1060 1330 1081 1377 a
1108 1309 1190 1398 jure
1220 1307 1478 1376 communionis

428 1434 633 1494 amoventes
651 1424 788 1496 diversa
810 1421 1048 1494 sentientem?
1077 1420 1147 1491 Ubi
1174 1433 1228 1490 cst
1252 1444 1335 1514 ergo
1353 1419 1478 1489 Eccle-
1575 1491 1577 1495 .

428 1538 502 1608 sia?
529 1539 589 1608 An
607 1541 834 1631 patientibus,
852 1552 889 1609 et
914 1562 959 1608 ne
982 1539 1139 1609 triticum
1163 1537 1369 1617 eradicetur,
1388 1537 1477 1605 ziza·
1486 1560 1632 1610 uacuas·

429 1656 487 1721 uin
510 1655 743 1725 tolerantibus
770 1657 837 1724 ista
863 1677 932 1724 non
957 1651 1110 1723 obsunt?
1136 1650 1289 1719 ⁰Dicant
1307 1674 1390 1744 ergo
1407 1652 1476 1733 isti,
1487 1639 1526 1687 '⁹'

429 1768 488 1859 qui
520 1791 557 1838 se
585 1769 630 1838 ab
655 1770 741 1839 orbe
770 1778 940 1839 terrarum
968 1769 1096 1836 frustra
1121 1766 1313 1857 separando
1339 1764 1478 1835 sacrile-

427 1882 524 1973 gium
553 1882 751 1952 schismatis
776 1881 1005 1963 admiserunt,
1024 1888 1064 1949 ut
1088 1880 1172 1971 quid
1199 1879 1332 1950 habent
1357 1881 1391 1948 in
1417 1902 1477 1949 ore

428 1999 640 2068 sententiam
663 1997 840 2090 Cypriani,
867 1997 927 2088 qui
954 2018 1025 2065 non
1054 1996 1187 2065 habent
1215 1996 1249 2063 in
1279 1996 1384 2064 corde
1408 1995 1477 2087 Cy·

428 2113 538 2202 priani
557 2112 791 2204 patientiam?
811 2110 907 2182 Huic
921 2123 1041 2181 autem
1059 2109 1232 2182 Marcello
1247 2111 1477 2200 respondetur

428 2249 473 2295 ex
504 2226 558 2296 his
585 2251 663 2319 quae
693 2227 736 2297 de
766 2227 941 2318 baptismo
964 2235 1001 2295 et
1024 2227 1228 2296 remissione
1250 2234 1475 2316 peccatorum

428 2365 532 2433 supra
562 2344 656 2412 dicta
690 2351 784 2424 sunt,
815 2343 994 2433 quomodo
1024 2343 1135 2433 possit
1169 2364 1246 2411 esse
1281 2342 1476 2432 baptismus
1563 2385 1567 2392 ·

428 2459 463 2525 in
491 2457 644 2539 homine,
671 2457 831 2547 quamvis
857 2480 929 2526 non
960 2458 1067 2526 sitin
1098 2480 1141 2526 eo
1170 2457 1328 2526 remissio
1353 2480 1478 2547 pecca·

428 2584 557 2641 torum.

479 2686 631 2754 irenaeus
644 2684 689 2755 ab
701 2683 819 2754 Ululis
834 2683 943 2754 dixit:
962 2682 1007 2755 Si
1021 2682 1097 2754 idco
1108 2681 1264 2754 Ecclesia
1277 2681 1475 2754 decreticum
1485 2712 1549 2762 cn.
1565 2713 1603 2761 1⁸,

428 2822 497 2870 nou
514 2797 674 2893 baptizat,
688 2797 779 2893 quod
795 2797 1016 2890 dicctccjcm
1034 2795 1226 2892 baptizatus
1243 2796 1476 2881 coaetaneis

429 2915 538 3007 cucjoc
555 2924 612 2985 cst.

479 3030 748 3122 Respondetnr:
778 3028 858 3099 Hoc
875 3029 982 3099 modo
1001 3030 1069 3099 dici
1093 3039 1222 3121 potest,
1241 3030 1267 3098 si
1293 3029 1373 3100 idco
1395 3054 1477 3100 ava·

427 3168 506 3214 rum
533 3145 692 3216 Ecclesia
718 3168 787 3214 non
814 3145 980 3236 baptizat,
999 3146 1093 3236 quod
1112 3146 1251 3215 dicatur
1265 3146 1340 3236 jam
1363 3147 1477 3238 bapti-

427 3271 527 3332 zatus
552 3284 637 3342 esse,
655 3261 801 3330 avaritia
830 3260 943 3351 major
968 3269 1035 3330 est.
1090 3258 1170 3329 Hoc
1202 3270 1320 3329 autem
1348 3260 1475 3331 falsum

427 3386 501 3448 est:
529 3376 579 3446 ita
596 3397 680 3467 ergo
698 3384 735 3446 et
752 3373 852 3444 illud,

478 3489 641 3560 Donatus
666 3512 688 3559 a
713 3489 895 3560 cibaliana
920 3490 1032 3559 dixit:
1059 3487 1136 3585 Epo
1161 3514 1264 3560 unum
1285 3488 1548 3561 Eccicncmcn.
1563 3527 1602 3576 19.

427 3613 458 3676 ct
485 3629 588 3676 unum
615 3602 818 3698 baptismum
841 3603 912 3696 cjm
937 3605 1028 3675 noui.
1080 3603 1125 3676 Si
1146 3614 1194 3676 eat
1214 3606 1275 3700 qni
1293 3605 1385 3676 dicct
1406 3629 1476 3677 esec

427 3719 522 3814 apud
537 3717 714 3790 decretione
729 3716 891 3813 baptismi
903 3720 1068 3816 pretium,
1086 3728 1164 3790 unte
1186 3729 1234 3790 cst
1260 3729 1297 3790 ct
1322 3719 1475 3790 ostutdct

427 3843 458 3904 ct
469 3832 590 3927 probet
606 3856 676 3903 csse
692 3830 766 3903 illic
782 3831 982 3904 Ecclesium.

479 3947 576 4017 Huic
593 3948 844 4038 respondetur:
872 3948 910 4018 Si
938 3949 1104 4039 baptismi
1130 3949 1278 4041 gratiam
1306 3950 1373 4019 hoc
1396 3972 1473 4019 esse

428 4063 514 4132 dicis
531 4064 624 4153 qnod
643 4071 697 4131 est
714 4062 920 4152 baptismus,
939 4074 993 4132 est
1017 4065 1111 4154 apud
1134 4063 1339 4134 haereticos:
1366 4064 1394 4135 si
1412 4088 1474 4136 au·

427 4187 499 4248 tem
529 4178 724 4269 baptismus
754 4186 1012 4246 sacramentum
1044 4190 1098 4247 est
1127 4179 1262 4271 gratiae,
1290 4181 1365 4271 ipsa
1389 4202 1472 4250 vero

425 4293 539 4386 gratia
555 4291 701 4362 abolitio
720 4302 945 4383 peccatorum
965 4302 1029 4373 est,
1046 4315 1116 4362 non
1139 4302 1194 4364 est
1218 4295 1312 4385 apud
1335 4295 1474 4364 hacreti-

508 4544 522 4576 ⁰
538 4534 638 4593 Plures
652 4535 742 4593 MSS.
762 4537 889 4593 Discunt.
933 4536 1013 4607 (Hoc
1026 4536 1112 4593 habet
1126 4536 1216 4593 codex
1231 4535 1302 4592 ulter
1316 4537 1417 4607 meus.)

471 4650 537 4691 von.
550 4651 580 4690 v.
929 4650 953 4690 m
967 4650 998 4690 m
