3817 5692
434 687 497 758 196
655 689 909 753 ARCHELAI
943 688 1007 751 ET
1040 688 1260 752 MANETIS

431 858 508 948 ejus
533 858 824 938 transmittentes,
852 865 1104 926 consonantem
1130 857 1274 949 reliquis
1299 858 1379 927 vitae
1405 858 1486 948 ejus

432 973 593 1064 negotiis.
645 970 791 1042 Additit
814 973 923 1041 etiam
947 971 1016 1042 hoc
1033 970 1231 1043 Archelaus
1253 973 1382 1052 dicens,
1401 971 1486 1042 Viri

430 1086 567 1168 fratres,
582 1109 629 1155 no
645 1087 724 1177 quis
743 1096 902 1157 vestrum
920 1086 1123 1155 incredulus
1145 1086 1191 1155 sit
1209 1086 1272 1165 his,
1291 1108 1368 1177 quae
1384 1108 1407 1154 a
1423 1108 1486 1155 me

432 1201 527 1270 dicta
544 1210 641 1284 sunt,
657 1203 692 1271 id
712 1211 776 1282 est,
791 1202 885 1291 quod
899 1223 971 1270 non
988 1202 1063 1291 ipse
1080 1201 1214 1292 primus
1230 1209 1355 1271 auctor
1372 1200 1485 1270 scele-

432 1318 498 1385 rati
531 1316 636 1408 hujus
666 1316 842 1408 dogmatis
872 1317 1034 1385 extiterit
1065 1316 1212 1400 Manes;
1238 1316 1300 1385 sed
1330 1324 1484 1397 tantum,

431 1431 524 1522 quod
542 1454 606 1523 per
631 1432 745 1522 ipsum
770 1431 945 1522 aliquibus
971 1440 1073 1500 terras
1098 1432 1255 1522 partibus
1281 1431 1486 1500 manifesta·

431 1555 509 1615 tum
534 1548 591 1617 sit.
643 1545 715 1617 Sed
744 1570 813 1615 non
839 1547 959 1616 statim
987 1546 1025 1627 is,
1043 1546 1103 1637 qui
1120 1545 1252 1637 aliquid
1270 1567 1485 1637 quocunqne
1520 1595 1528 1603 .

430 1662 634 1752 portaverit,
660 1671 784 1731 auctor
810 1663 887 1752 eJus
915 1662 1093 1752 putandus
1119 1670 1184 1743 est,
1211 1661 1271 1730 sed
1298 1661 1359 1751 qui
1384 1661 1486 1730 inve·

431 1775 533 1845 norit.
561 1775 664 1845 Sicut
680 1776 776 1845 enim
793 1775 1008 1868 gubernator
1025 1786 1207 1867 acceptam
1225 1796 1360 1855 navem,
1372 1797 1482 1865 quam

430 1889 521 1959 alius
550 1890 646 1972 fecit,
672 1892 716 1960 ad
747 1912 965 1981 quacunque
994 1889 1072 1959 loca
1098 1890 1249 1959 voluerit
1277 1890 1482 1980 perducere,

430 2004 566 2074 alienus
583 2014 637 2075 est
656 2014 775 2075 tamen
793 2004 889 2074 omni
912 2027 1043 2097 genere
1068 2028 1090 2074 a
1115 2006 1376 2074 constructione
1393 2005 1481 2095 ejus,

429 2120 479 2187 ita
497 2118 747 2211 intelligendus
764 2127 820 2188 est
837 2130 876 2189 et
893 2120 983 2201 iste;
1009 2143 1081 2188 non
1098 2120 1194 2188 enim
1212 2141 1259 2188 ex
1276 2119 1379 2187 initio
1395 2118 1483 2188 huic

430 2234 481 2301 rei
499 2234 573 2323 ipse
590 2232 762 2325 originem
780 2233 899 2316 dedit;
927 2230 1012 2304 ¹¹sed
1030 2258 1073 2304 ea
1089 2242 1241 2314 tautum,
1253 2256 1332 2324 qnae
1347 2233 1392 2302 ab
1409 2233 1481 2302 alio

430 2347 570 2416 fuerant
587 2348 743 2433 inventa,
758 2372 822 2440 per
838 2370 877 2418 se
894 2349 1025 2420 detulit
1041 2348 1254 2429 hominibus,
1264 2349 1356 2417 sicut
1373 2347 1481 2417 certis

430 2462 642 2531 testimoniis
666 2470 792 2532 notum
818 2472 883 2544 est,
905 2463 1033 2553 quibus
1058 2462 1276 2554 propositum
1303 2471 1357 2531 est
1380 2462 1481 2531 vobis

430 2576 627 2657 ostendere,
649 2573 734 2645 inon
760 2599 806 2646 ex
833 2576 945 2647 Mane
970 2577 1141 2669 originem
1167 2574 1251 2645 mali
1277 2573 1380 2666 hujus
1404 2598 1481 2645 ma·

429 2712 551 2771 nasse;
577 2691 637 2759 sed
655 2691 700 2760 ab
718 2690 799 2774 alio,
817 2701 853 2761 et
878 2701 962 2761 ante
986 2690 1139 2760 multum
1165 2690 1332 2780 temporis
1355 2713 1375 2759 a
1400 2689 1479 2758 bar·

429 2803 513 2873 baro
539 2806 692 2895 quodam
717 2816 852 2886 exorta,
872 2808 907 2875 in
933 2806 1075 2877 silentio
1098 2806 1228 2884 habita,
1246 2805 1291 2874 ab
1308 2805 1376 2874 isto
1393 2827 1478 2873 vero

428 2919 550 3010 ignote
573 2919 730 3003 latentia,
748 2921 858 2991 veluti
887 2924 1026 3014 propria
1050 2923 1126 3012 ejus
1152 2943 1228 2990 esse
1252 2919 1399 3011 prolata,
1416 2918 1478 2987 de-

429 3033 502 3103 leto
520 3037 767 3127 conscriptoris
781 3035 896 3118 titulo,
911 3038 1002 3108 sicut
1018 3037 1178 3127 superins
1195 3036 1354 3127 exposui.
1393 3033 1477 3102 Fuit

427 3155 638 3244 praedicator
654 3155 747 3246 apud
766 3154 890 3224 Persas
908 3156 1017 3223 etiam
1036 3150 1231 3223 lBasilides
1254 3151 1396 3243 quidam
1415 3172 1477 3219 an-

426 3350 454 3405 p.
467 3349 515 3405 33.
559 3332 616 3389 Sed
636 3334 664 3389 iu
680 3334 773 3390 verbis
794 3335 970 3391 soloecismus
991 3345 1043 3390 est.
1087 3336 1133 3389 An
1148 3332 1393 3390 transmittentibus
1407 3332 1473 3388 sub-

429 3428 603 3484 stituendum
618 3438 662 3486 est
673 3430 697 3501 l)

468 3521 484 3564 ¹¹
498 3524 577 3581 Male
590 3526 682 3582 codex
697 3527 870 3591 (lesinensis,
884 3527 1035 3583 sedetiam.

468 3617 477 3661 i
491 3623 549 3677 Aut
563 3623 632 3678 nihil
647 3623 738 3688 video,
753 3633 803 3680 aut
816 3624 856 3680 ita
870 3624 1040 3698 corrigenda
1058 3631 1102 3679 est
1121 3622 1227 3678 codicis
1241 3622 1404 3679 Carrinensis
1418 3622 1474 3678 lec-

426 3717 476 3781 tio,
491 3737 553 3791 quae
574 3720 615 3776 sic
635 3739 666 3777 se
687 3721 782 3785 habet,
797 3740 849 3777 uon
870 3740 903 3777 er
921 3722 1024 3777 Manen
1045 3721 1175 3794 originem
1197 3719 1263 3775 moli
1283 3719 1362 3791 hujus
1376 3720 1476 3775 Mones

426 3833 493 3870 esse.

467 3907 485 3950 ¹¹
499 3912 561 3968 Etsi
576 3912 739 3978 Basilidem,
751 3915 799 3988 qui
813 3915 896 3988 paulo
911 3922 976 3988 post
987 3913 1190 3987 Apostolorum
1202 3919 1331 3984 tempora
1344 3911 1474 3966 haeresim

427 4006 532 4072 docuit,
547 4009 767 4067 Alexandrinum
782 4012 879 4076 fuisse,
894 4012 967 4068 etin
982 4012 1111 4085 AEgypto
1130 4008 1242 4064 scholas
1256 4007 1360 4064 erroris
1374 4026 1473 4081 aperu-

425 4104 481 4160 isse
496 4113 617 4162 testetur
632 4107 774 4165 Eusebius
788 4108 838 4164 lib.
849 4125 878 4179 4.
896 4108 973 4164 Hist.
986 4107 1148 4164 Ecclesiast.
1164 4125 1225 4179 cap.
1239 4119 1266 4179 7.
1281 4103 1473 4167 nibilominus,

426 4200 474 4272 qui
488 4200 523 4256 ab
538 4202 678 4258 Archelao
698 4214 881 4272 memoratur,
897 4205 973 4261 idem
987 4222 1021 4259 ae
1035 4201 1173 4259 Basilides
1187 4199 1398 4257 Alexandrinus
1411 4216 1474 4254 esse

425 4295 546 4361 videtur.
561 4297 628 4354 licet
641 4300 715 4373 apud
731 4300 831 4357 Persas
850 4301 981 4357 haeresim
1000 4299 1169 4375 praedicasse
1183 4298 1268 4355 dicat.
1310 4296 1383 4352 Fieri
1397 4296 1473 4352 enim

425 4398 575 4463 potestat
589 4394 727 4451 Basilides
739 4396 912 4453 Alexandria
925 4397 1081 4471 digressus,
1093 4397 1193 4451 Persas
1208 4412 1319 4469 quoque
1334 4391 1474 4448 hereticis

426 4487 607 4561 dogmatibus
628 4490 742 4549 inficere
763 4501 909 4550 tentasset.
952 4494 1029 4550 Sane
1044 4492 1175 4549 Basilidis
1190 4493 1282 4548 Persae
1297 4490 1382 4553 nulla,
1397 4487 1472 4561 quod

427 4582 522 4645 sciam.
544 4587 618 4658 apud
641 4598 750 4644 veteres
772 4591 888 4646 mentio.
933 4590 1053 4663 Scripsit
1076 4601 1169 4648 autem
1191 4587 1330 4645 Basilides
1347 4586 1471 4641 Alexan·
