3817 5692
777 715 1087 780 DISPUTATIO.
1438 721 1477 785 61

431 883 464 962 εἴ
484 918 538 967 τις
565 883 687 987 θερίζει
715 885 979 988 θεριοθήσετοιι.
1021 891 1131 971 οὕτως
1155 888 1216 969 ἐὰν
1242 897 1290 974 εἰς
1313 893 1478 997 μηχανὴν

430 1018 533 1090 σῖτον
550 1009 686 1116 βόλλῃ,
706 1010 933 1111 βληθήσεται
951 1018 1008 1093 καὶ
1027 1014 1183 1115 αὐτοο,ἦ
1208 1017 1376 1121 φυράσας
1402 1026 1475 1124 φν-

428 1135 636 1236 ροθήσετοι,
661 1136 685 1236 ἢ
713 1137 878 1237 metricae
907 1140 1016 1242 ἄρτον
1041 1140 1295 1241 ὀπτηθήσεται.
1337 1148 1395 1224 καὶ
1419 1145 1477 1224 διὰ

429 1270 534 1342 τοῦτο
562 1266 746 1367 ἀπείρηται
779 1266 896 1348 αὐτοῖς
932 1266 1038 1368 ἔργον
1068 1271 1228 1365 ποιῆσαι.
1277 1275 1336 1350 καὶ
1363 1270 1477 1353 πάλιν

429 1394 521 1470 εἰσὶν
544 1391 655 1494 ἕτεροι
682 1389 812 1489 κόσμοι
834 1390 934 1489 τινές,
963 1400 1036 1472 τῶν
1064 1393 1270 1501 φωστήρων
1295 1397 1476 1480 δυνάντων

429 1514 501 1597 ἀπὸ
527 1518 654 1597 τούτου
678 1526 742 1597 τοῦ
761 1517 909 1617 κόσμου,
928 1521 972 1625 ἐξ
996 1518 1045 1598 ῶν
1069 1522 1321 1603 ἀνατέλλοοσι.
1363 1528 1421 1604 καὶ
1445 1533 1481 1605 εἴ

429 1678 482 1726 τις
506 1651 695 1747 περιπατεῖ
718 1648 840 1747 χαμαὶ,
859 1644 1016 1738 βλάπτει
1039 1646 1106 1746 τὴν
1127 1653 1210 1749 γῆν·
1242 1654 1300 1729 καὶ
1327 1653 1346 1729 ὁ
1370 1659 1476 1731 κινῶν

428 1768 494 1868 τὴν
523 1777 634 1872 χεῖρα,
662 1768 818 1865 βλάπτει
846 1769 909 1850 τὸν
943 1771 1040 1874 ἀέρα·
1071 1771 1188 1870 ἐπειδὴ
1219 1774 1239 1851 ὁ
1271 1773 1341 1876 ἀὴρ
1371 1775 1475 1880 ψυχή

428 1899 507 1976 ε’στι
525 1903 597 1976 τῶν
616 1895 824 1999 ἀνθρώπων,
843 1899 902 1975 καὶ
921 1904 992 1976 τῶν
1010 1898 1118 2000 ζώων,
1133 1902 1190 1977 καὶ
1209 1906 1281 1978 ’τῶν
1299 1906 1474 1999 πετεινῶν,

429 2028 487 2103 καὶ
520 2029 591 2103 τῶν
620 2022 763 2127 ἰχθύων,
795 2026 853 2102 καὶ
886 2030 958 2102 τῶν
991 2026 1159 2126 ἑρπετῶν.
1206 2029 1264 2104 καὶ
1295 2026 1327 2105 εἴ
1355 2062 1408 2111 τις
1437 2030 1475 2107 ε’ν

428 2149 554 2258 κόσμῳ
572 2153 681 2248 ἐστὶν,
701 2146 801 2230 εἷπον
819 2152 911 2249 ὁρῶν,
931 2150 1042 2231 ὅτιτὸ
1061 2159 1170 2251 σῶμα
1188 2161 1293 2232 τοῦτο
1312 2155 1376 2232 οὐκ
1395 2154 1474 2233 ἔστι

427 2286 491 2357 τοῦ
510 2284 616 2376 θεοῦ,
634 2275 736 2356 ἀλλὰ
760 2280 823 2375 τῆς
852 2278 940 2379 ὕλης
964 2280 1053 2375 ἐστὶ,
1072 2282 1129 2358 καὶ
1148 2279 1281 2363 σκότος
1307 2284 1397 2378 ἐστὶ,
1416 2285 1474 2361 καὶ

428 2403 514 2487 αὐτὸ
532 2409 757 2503 σκοτωθῆνοι
775 2407 838 2483 δεῖ.

427 2652 503 2716 ergo
526 2629 593 2695 dixi
615 2629 704 2695 vobis
727 2631 821 2716 poulo
841 2637 928 2706 ante,
971 2629 1167 2694 oboriuntur.
1209 2631 1280 2694 ⁸Et
1294 2630 1337 2694 illi
1353 2632 1472 2711 dieunt,

427 2716 536 2801 siquis
550 2716 728 2793 messuerit,
739 2716 928 2792 demetetur,
971 2714 998 2778 ei
1013 2715 1083 2798 quis
1102 2715 1245 2780 ambulet
1260 2719 1293 2781 in
1311 2724 1407 2793 terre,
1423 2717 1475 2781 lae-

427 2801 522 2867 itaet
544 2802 659 2887 siquis
681 2802 874 2865 frumentum
896 2801 929 2865 in
971 2800 1020 2864 dit
1043 2807 1173 2873 terrem,
1200 2808 1233 2864 et
1260 2801 1339 2885 bqui
1365 2811 1472 2867 movet

427 2886 543 2951 molem
571 2888 703 2966 miserit,
733 2888 831 2952 etiam
861 2888 929 2971 ipse
970 2907 1109 2960 menum,
1140 2885 1226 2950 laedit
1251 2894 1367 2961 adrem,
1399 2889 1474 2972 quie

426 2974 575 3038 mittetur
602 2974 635 3036 in
664 2974 793 3050 molem,
818 2980 876 3036 aut
902 2972 928 3037 ei
970 2980 1028 3035 aer
1049 2972 1156 3035 anime
1175 2977 1225 3036 est
1246 2972 1418 3047 hominum,
1440 2981 1474 3038 et

427 3059 497 3144 quis
512 3060 730 3144 consperserit,
743 3079 928 3143 consperge-
970 3057 1162 3132 animalium,
1182 3065 1215 3121 et
1237 3057 1423 3136 volat-ilium,
1439 3066 1473 3124 et

427 3151 490 3217 tur,
514 3152 595 3208 raut
617 3144 643 3208 si
662 3166 778 3232 penem
796 3144 927 3219 coxerit,
970 3142 1111 3227 pierium,
1139 3149 1172 3207 et
1202 3144 1410 3227 crepentium,
1439 3151 1473 3208 et

426 3237 640 3316 excoquetun
664 3238 698 3295 et
717 3235 849 3315 propter
867 3229 928 3293 hoo
970 3229 996 3292 ei
1019 3229 1094 3328 quid
1117 3229 1221 3292 estin
1247 3230 1308 3293 hoe
1331 3230 1469 3294 mundo:

426 3316 569 3382 illicitum
592 3322 642 3380 est
662 3316 746 3400 opud
772 3337 826 3379 eos
849 3337 928 3399 opus
970 3313 1036 3377 dixr
1059 3314 1143 3378 enim
1163 3315 1266 3391 vobio,
1282 3315 1357 3399 quie
1378 3315 1472 3379 deor·

425 3401 538 3467 faeere.
583 3401 629 3465 Et
664 3402 781 3465 iterum
819 3399 928 3464 dieunt
970 3422 1029 3483 pus
1058 3400 1118 3463 hoo
1142 3421 1205 3462 non
1235 3410 1284 3464 est
1315 3400 1385 3477 Dei,
1416 3402 1472 3464 sed

426 3509 494 3552 esee
510 3486 612 3551 zalios
628 3487 791 3571 quosdam,
811 3493 929 3570 praeter
968 3485 1111 3549 meteriae
1134 3492 1183 3549 est
1204 3486 1416 3563 tenebrarum,
1438 3494 1472 3550 et

425 3574 519 3647 huno,
545 3594 639 3657 quem
661 3572 811 3648 videmos,
834 3593 924 3634 mun·
969 3570 1041 3634 ideo
1070 3592 1196 3636 neeesse
1227 3578 1277 3636 est
1306 3572 1383 3636 illud
1414 3571 1469 3635 ob·

426 3660 494 3737 dos,
510 3659 624 3744 quibus
638 3658 732 3807 hugus
752 3657 862 3721 mundi
883 3657 928 3720 lu·
970 3656 1099 3720 murari.

425 3745 569 3822 minaria,
585 3766 657 3808 oum
700 3744 728 3808 ie
747 3742 927 3818 oeoiderint,

466 3968 481 4013 y
496 3957 596 4015 Codex
610 3956 768 4021 Bobieneie,
783 3958 862 4013 itaet
876 3958 902 4012 ei
915 3959 977 4032 quie
985 3977 1090 4032 ponem.

466 4064 480 4096 ²
507 4055 588 4112 Idem
616 4053 715 4118 codex,
745 4054 815 4109 olioe
836 4061 941 4127 preter
968 4054 1047 4117 Ιιιιιιο,
1076 4073 1151 4129 quem
1179 4055 1306 4118 videmus,
1335 4053 1470 4109 mundum.

427 4154 523 4224 (Anne
537 4150 650 4226 legend.
664 4148 702 4207 οἶς
716 4152 791 4214 τινὲς,
806 4150 899 4206 deleto
913 4152 943 4220 ἐξ
957 4148 992 4205 ὦν
1002 4150 1026 4221 i)

465 4258 481 4290 ⁸
493 4248 593 4305 Codex
608 4246 767 4309 Bobiensis,
782 4255 807 4303 et
819 4247 857 4302 iti
869 4247 971 4304 dicunt.

465 4341 480 4386 b
494 4345 575 4402 Idem
590 4346 691 4409 codex,
706 4344 751 4419 qui
765 4343 836 4400 levat
850 4363 965 4400 monum.

464 4452 478 4483 ⁰
492 4442 572 4499 Idem
586 4442 687 4507 codex,
713 4444 883 4516 reptantium.
906 4440 948 4497 Ee
961 4444 985 4497 ei
999 4443 1077 4517 quod.
1103 4440 1182 4513 (For.
1197 4440 1309 4514 legend.
1321 4439 1350 4496 in
1362 4437 1471 4494 Graecis

423 4541 463 4595 ιιοὶ
478 4539 573 4611 ried)

464 4631 479 4676 (ἶ
504 4637 603 4693 Codex
629 4635 786 4703 Bobiensis,
810 4654 909 4711 οοιριιο
932 4636 982 4693 hoc
1009 4653 1061 4690 non
1084 4634 1153 4690 illud
1176 4650 1282 4688 necesse
1305 4638 1345 4686 eet
1373 4629 1469 4688 obscu-
