3817 5692
486 2181 843 2280 AROHELAI
884 2182 969 2277 ET
1009 2184 1312 2284 MANETIS

716 2412 1087 2496 DISPUTATIO.

580 2649 648 2712 AD
673 2650 910 2713 ZACAGNII
934 2651 1226 2713 EDITIONEM.

763 2882 1042 2924 --4—

380 3084 429 3168 [S.
447 3084 669 3158 Hmnonrnns,
685 3079 755 3145 Lib.
768 3083 817 3145 De
833 3081 918 3144 Viris
928 3079 1115 3159 Illaetrt‘baa,
1129 3103 1198 3165 oap.
1211 3081 1297 3145 lxxii.
1309 3105 1340 3166 p.
1352 3084 1423 3145 161.

791 3183 837 3245 ed.
853 3182 1006 3246 Fabricii.

327 3376 329 3380 ψ
380 3311 676 3407 Annennnns
699 3342 865 3426 episcopus
888 3342 1130 3426 Mesopotamiae
1149 3341 1264 3406 riorum
1282 3343 1425 3426 disputo-

378 3444 475 3508 tionie
489 3465 564 3519 euae,
582 3464 677 3527 qnam
697 3443 809 3507 habuit
828 3443 996 3507 adversum
1016 3442 1239 3519 Maniohaeum,
1256 3450 1425 3507 exeuntem

378 3546 419 3610 de
449 3545 589 3622 Perside,
617 3547 697 3630 Syro
724 3566 868 3609 sermone
896 3545 1083 3629 composuit,
1112 3547 1165 3631 qni
1191 3546 1367 3610 translatus
1392 3546 1425 3609 in

378 3648 534 3726 Graeoum,
547 3647 684 3711 habetur
698 3668 719 3711 a
734 3647 850 3710 multia.
881 3646 1005 3711 Olaruit
1020 3648 1078 3711 sub
1092 3649 1291 3732 Imperatore
1306 3647 1424 3726 Probo,

379 3748 432 3832 qni
448 3748 622 3813 Aureliano
637 3755 671 3812 et
687 3748 799 3813 Tanito
814 3754 1021 3812 successerat.

815 3985 985 4005 μ*

424 4165 660 4231 AROHELAI
686 4167 873 4252 Disputatio
896 4190 968 4231 oum
992 4168 1125 4233 Meneta
1148 4187 1213 4229 non
1237 4171 1365 4229 tantum
1388 4163 1420 4227 S.

381 4267 579 4352 Hieronymo
603 4275 680 4332 nota
694 4267 765 4341 fuit,
782 4268 947 4332 sedetiam
963 4289 984 4332 a
998 4268 1032 4332 S.
1045 4267 1234 4352 Epiphanio,
1252 4288 1293 4330 ne
1307 4286 1424 4330 memo

379 4390 447 4433 rem
458 4369 537 4434 alios
552 4369 731 4454 scriptores,
745 4377 897 4454 excerpta
908 4376 968 4433 eat.
1009 4370 1161 4434 Veterem
1176 4370 1258 4433 hano
1271 4368 1425 4432 Latinam

381 4479 683 4565 Interpretationem
692 4486 765 4563 poet
776 4479 971 4563 Zaeagninm
982 4479 1197 4563 repetiverunt
1208 4476 1374 4542 Fabricius
1383 4475 1425 4539 ed

382 4584 514 4668 Operam
528 4585 564 4647 S.
579 4580 745 4665 Hippolyti
759 4580 888 4659 onlnem,
904 4579 1013 4644 Monoi
1028 4580 1061 4642 in
1077 4579 1177 4642 Temo
1193 4578 1302 4641 Primo
1321 4575 1424 4638 Oetaei·

378 4684 498 4759 liorem,
515 4690 548 4747 et
564 4681 750 4747 Gallandiue
764 4682 797 4745 in
812 4682 913 4746 Temo
930 4682 1003 4745 111.
1021 4679 1214 4744 Bibliothecae
1228 4677 1390 4758 Patrem]

883 4802 935 4849 1³2
