3817 5692
425 711 490 775 ele
619 711 683 775 DE
707 710 1090 774 REBAPTISMATE
1116 710 1274 773 LIBER.

426 897 488 959 aut
519 890 547 958 si
578 912 600 958 a
629 889 781 958 ¹minore
811 886 906 957 clero
937 909 999 978 per
1030 887 1275 956 necessitatem
1305 887 1480 956 traditum

426 1005 544 1086 fuerit,
572 1014 738 1073 eventum
770 1013 1012 1096 expectemus,
1042 1009 1099 1072 'ut
1129 1011 1192 1072 ant
1220 1002 1429 1094 suppleatur
1458 1026 1481 1073 a

427 1120 540 1203 nobis,
570 1128 650 1188 ³aut
679 1142 700 1188 a
727 1117 881 1188 Domino
911 1118 1148 1210 supplendum
1176 1126 1384 1188 reservetur.
1437 1117 1477 1188 Si

428 1257 510 1303 vero
535 1236 581 1305 ab
606 1233 730 1304 alienis
756 1234 923 1303 traditum
942 1234 1061 1314 fuerit,
1079 1242 1120 1303 nt
1142 1243 1262 1325 potest
1284 1233 1351 1303 hoo
1370 1255 1481 1325 nego-

427 1351 517 1420 tium
544 1359 581 1419 et
606 1360 648 1419 ut
673 1350 843 1431 admittit,
861 1350 1076 1443 corrigatur;
1102 1350 1185 1441 quia
1202 1347 1355 1441 Spiritus
1378 1371 1481 1418 sanc-

427 1477 485 1537 tus
502 1475 604 1536 extra
621 1466 805 1536 ecclesiam
824 1488 896 1535 non
916 1466 972 1545 sit,
990 1466 1078 1536 fides
1100 1487 1241 1557 quoque
1263 1487 1335 1535 non
1360 1464 1479 1533 solum

425 1580 736 1672 apudhaeretieos,
755 1582 1004 1653 verumetiam
1029 1581 1123 1673 apud
1142 1602 1202 1651 eos
1224 1581 1285 1672 qui
1308 1580 1344 1648 in
1368 1578 1481 1649 sebir-

427 1706 524 1766 mate
548 1698 731 1767 constituti
756 1708 848 1778 sunt,
866 1719 951 1767 sana
973 1719 1050 1767 esse
1068 1719 1139 1766 non
1156 1695 1286 1788 possit;
1311 1696 1481 1765 ⁴idcirco-

428 1835 499 1903 que
523 1814 768 1905 poeniteutiam
790 1813 978 1905 agentibus
1000 1812 1245 1903 correctisque,
1267 1833 1331 1903 per
1347 1812 1481 1880 doetri-

428 1950 510 1998 nam
541 1930 699 1999 veritatis
733 1937 771 1997 et
804 1952 868 2020 per
899 1929 1006 1998 fidem
1041 1929 1207 2020 ipsorum,
1240 1950 1319 2018 quae
1352 1936 1481 2018 postea

428 2043 617 2113 emendata
642 2053 707 2125 est,
730 2043 912 2136 purificato
938 2045 1044 2114 corde
1069 2066 1204 2125 eorum,
1227 2043 1480 2112 tantummodo

429 2158 641 2249 baptismate
671 2159 830 2250 spiritali,
855 2161 890 2229 id
917 2169 973 2229 est
997 2181 1122 2229 manus
1151 2158 1375 2251 impositione
1403 2162 1481 2251 epi·

428 2276 534 2366 scopi,
558 2285 595 2344 et
620 2275 772 2367 Spiritus
802 2278 913 2347 sancti
943 2276 1267 2347 subministratione
1296 2276 1478 2348 subveniri

429 2393 569 2464 debeat.
612 2392 761 2490 Sipnam
778 2418 918 2487 quoque
924 2394 1016 2488 fidei
1032 2395 1211 2488 integrum
1228 2395 1296 2465 boo
1313 2396 1421 2465 modo
1438 2406 1480 2465 et

429 2505 495 2577 hae
526 2509 662 2578 ratione
688 2509 779 2580 tradi
807 2511 843 2579 in
873 2509 1022 2580 ecelesia
1048 2510 1176 2580 merito
1201 2511 1404 2590 consuevit3
1431 2532 1480 2579 ne

429 2623 606 2694 invocatio
624 2626 775 2695 nominis
791 2624 815 2694 J
818 2648 892 2706 esu,
909 2649 987 2717 qnae
1003 2625 1136 2696 aboleri
1155 2648 1225 2695 nou
1247 2634 1374 2717 potest,
1393 2649 1479 2695 con-

429 2741 558 2809 temtui
588 2764 610 2810 a
641 2742 741 2812 nobis
768 2743 928 2811 videatur
958 2741 1098 2824 habita;
1125 2742 1219 2833 quod
1249 2742 1374 2833 utique
1404 2765 1478 2811 non

428 2865 590 2945 oportet;
616 2879 829 2948 quamquam
858 2856 938 2927 talis
966 2856 1153 2938 invocatio,
1179 2858 1208 2927 si
1233 2857 1319 2927 nihil
1351 2880 1477 2928 eorum

430 2989 506 3057 quae
540 2970 812 3038 memoravimus
847 2977 1010 3038 secutum
1044 2969 1163 3051 fuerit,
1191 2970 1236 3038 ab
1270 2968 1479 3059 operatione

429 3081 552 3153 salutis
588 3094 702 3155 cesset
739 3108 780 3154 ac
816 3094 941 3164 vacet;
984 3084 1125 3154 dicente
1159 3084 1253 3154 enim
1288 3081 1477 3176 Apostolo‚

428 3221 539 3268 unum
562 3221 638 3271 esse
663 3201 837 3291 baptisma
861 3222 1005 3270 necesse
1031 3209 1096 3282 est,
1117 3200 1338 3271 invocatione
1361 3204 1479 3272 nomi-

428 3315 482 3383 nis
497 3312 586 3384 Jesu
612 3326 867 3406 perseverante,
893 3316 1073 3408 quianon
1103 3325 1221 3409 potest
1249 3340 1270 3386 a
1296 3340 1478 3409 quoquam

427 3428 612 3499 hominum
638 3454 718 3522 quae
744 3432 854 3502 semel
876 3433 1038 3502 invocata
1063 3441 1118 3502 est
1143 3432 1281 3502 auferri.
1333 3432 1372 3503 Si
1396 3456 1478 3504 eam

427 3556 551 3615 contra
580 3546 764 3617 decretum
793 3547 1031 3639 apostolorum
1062 3550 1243 3642 geminare
1267 3549 1343 3618 ausi
1369 3548 1480 3618 fueri-

427 3684 518 3744 mus,
539 3663 723 3734 nimietate
749 3664 949 3754 proestandi,
972 3665 1082 3733 immo
1107 3664 1364 3757 superaddendi
1389 3664 1479 3756 bap·

469 3900 476 3923 ¹
490 3913 507 3951 a
521 3895 631 3951 minore
645 3894 734 3966 clero]
751 3892 928 3968 Presbytero,
940 3891 1069 3957 diacono,
1081 3911 1131 3968 per
1146 3892 1343 3949 necessitatem
1358 3891 1476 3949 scilicet.

427 3992 605 4049 llrosurrus.

467 4093 522 4146 'ut
536 4099 584 4146 aut
599 4089 763 4164 suppleatur
777 4108 794 4145 s
807 4088 902 4161 nobis]
920 4086 952 4145 Si
967 4088 1122 4146 revalescat
1136 4095 1270 4162 egrotus.
1293 4086 1476 4142 llrosnrrus.

426 4187 464 4244 Et
478 4187 544 4243 hinc
558 4186 704 4259 colligitur
717 4186 840 4242 auctoris
854 4185 1042 4261 episcopatus.

466 4291 538 4341 ³nut
558 4303 576 4339 a
596 4283 720 4339 Domino
741 4284 927 4357 supplendum
953 4283 1127 4356 reservetur]
1153 4282 1321 4339 iudicaturo
1340 4280 1422 4335 vivos
1447 4289 1477 4336 et

425 4392 561 4439 mortuos.
585 4381 761 4437 Rrosnrrus.

466 4479 670 4553 ⁴idcircoque]
691 4478 779 4535 Recte
803 4477 958 4553 repositum
984 4498 1036 4553 pro
1061 4478 1166 4536 idcirco
1188 4497 1245 4554 quoe
1269 4495 1285 4532 a
1311 4474 1475 4542 Gallandio,

426 4584 456 4630 ut
472 4595 556 4649 supra
570 4596 598 4650 p.
612 4577 680 4650 306.
724 4576 788 4633 Vid.
804 4587 832 4633 et
846 4575 927 4632 infra.
