3817 5692
764 714 1075 779 urspn‘rumo.
1177 797 1180 803 .
1380 721 1444 783 uss

394 885 518 958 bonum
535 889 673 972 certavi,
689 887 834 958 'eirenen
852 889 1002 969 susurri,
1010 888 1118 983 fldem
1137 891 1279 962 servavi.
1306 889 1363 963 De
1379 917 1443 963 ece·

393 1012 466 1075 tero
491 1006 641 1098 reposita
665 1012 714 1075 est
743 1001 831 1074 midi
846 1004 1000 1096 justitiae
1028 1027 1166 1087 corona,
1194 1030 1296 1101 qzmm
1326 1006 1445 1080 reddet

392 1117 481 1191 milri
507 1118 682 1191 Dominus
710 1120 748 1190 in
774 1118 835 1190 illu
862 1120 920 1191 die
937 1122 1057 1213 justus
1075 1120 1212 1213 judam
1238 1145 1307 1193 nou
1333 1122 1443 1194 sotum

392 1241 504 1304 antem
530 1231 629 1317 milti,
652 1232 713 1303 sed
737 1242 768 1303 et
798 1232 963 1318 onradus,
994 1236 1057 1329 qui
1083 1233 1234 1331 diliquit
1262 1235 1443 1309 adventum

442 1464 632 1537 XXXVI.
662 1464 814 1535 Nullum
839 1487 885 1535 ex
911 1466 1024 1547 nobis,
1048 1490 1070 1535 ο
1097 1465 1237 1549 Manes,
1255 1467 1442 1539 cGuletum

391 1582 509 1664 facies,
526 1604 592 1651 neo
619 1582 670 1651 itu
686 1603 750 1650 nos
771 1580 959 1651 transferes
976 1604 998 1651 a
1013 1582 1084 1652 fide
1102 1581 1255 1665 Christi3
1281 1584 1390 1653 etiem
1412 1586 1441 1655 si

390 1698 491 1791 signe
515 1705 552 1767 et
575 1697 735 1790 prodigia
760 1696 877 1779 ineius,
901 1697 1010 1768 etium
1037 1698 1066 1767 si
1095 1708 1253 1767 mortuos
1282 1700 1441 1782 suscites,

391 1814 499 1883 etium
525 1813 554 1882 si
576 1812 767 1906 imaginem
793 1812 895 1883 uobis
917 1811 1021 1884 Pnuii
1047 1814 1156 1905 ipsius
1181 1812 1316 1895 efferes,
1339 1808 1442 1885 dtunu-

391 1927 512 1999 thems
530 1949 568 1997 es
586 1926 740 2010 Setunu3
765 1929 1005 2019 praesoriptum
1023 1937 1078 1999 est
1095 1930 1190 1999 enim
1209 1930 1255 1999 de
1271 1938 1328 2007 te3
1356 1952 1441 2021 prte-

391 2044 526 2126 moniti,
544 2050 582 2113 et
599 2043 795 2135 praestrueti
812 2066 934 2114 sumus
951 2067 973 2114 a
989 2045 1120 2116 sanctis
1137 2044 1340 2137 scripturis.
1366 2045 1441 2118 Vas

390 2178 427 2226 es
444 2154 669 2239 Antichristi‚
687 2166 725 2229 et
742 2179 858 2248 neque
881 2158 1015 2228 bonum
1033 2180 1104 2240 vus,
1122 2159 1183 2228 sed
1201 2159 1382 2229 sordidum
1400 2169 1440 2230 et

389 2271 583 2365 indignum,
602 2271 696 2362 quod
714 2270 784 2353 ille,
802 2272 893 2341 sieut
910 2271 1037 2364 aliquis
1054 2272 1234 2355 burburus,
1248 2272 1305 2347 vel
1323 2281 1440 2366 tyrun-

389 2410 467 2470 nus,
484 2410 566 2458 oum
588 2391 625 2459 in
641 2409 711 2469 eos,
730 2388 790 2478 qui
817 2387 882 2458 sub
900 2386 1039 2480 elegum
1059 2389 1199 2480 justitia
1217 2389 1363 2481 degunt,
1381 2411 1439 2460 eo-

389 2514 495 2574 natur
510 2504 654 2584 irruere,
671 2504 839 2596 praemisit
857 2504 953 2595 prius
972 2512 1142 2594 tauquam
1161 2504 1267 2572 morti
1286 2505 1439 2576 destine-

388 2626 478 2704 tum,
500 2621 545 2691 ud
571 2619 827 2711 explorandum
850 2626 995 2709 quantu,
1012 2625 1051 2687 et
1075 2618 1189 2709 qualis
1214 2620 1261 2689 sit
1286 2618 1438 2712 legitimi

387 2736 481 2830 regis
497 2736 619 2818 virtus,
636 2758 677 2805 uc
696 2733 840 2826 populi:
867 2733 942 2824 ipse
960 2733 1056 2802 euim
1081 2734 1284 2825 inopinatus
1305 2736 1438 2806 irruere

387 2851 581 2943 pertimuit,
599 2851 660 2920 sed
686 2872 802 2942 neque
827 2849 937 2919 ulium
962 2872 1008 2919 ex
1030 2850 1233 2920 necessariis
1249 2851 1333 2921 viris
1355 2853 1436 2921 mit·

388 2976 463 3037 tere
480 2966 593 3036 ullum
611 2988 716 3037 ausus
733 2975 799 3047 est,
815 2988 861 3035 ne
879 2965 963 3057 quid
982 2974 1164 3056 peteretur
1179 2965 1327 3035 adversi.
1370 2964 1437 3037 Ta·

388 3083 458 3152 lem
480 3093 517 3153 te
539 3081 735 3164 nobis,sub
756 3081 905 3151 bonnet
928 3090 1051 3151 sancto
1076 3104 1159 3174 rege
1184 3081 1318 3173 positis,
1337 3081 1436 3151 velut

388 3200 492 3270 morti
521 3198 750 3278 destinatum,
778 3220 842 3267 rex
872 3206 957 3267 tuus
985 3197 1153 3289 praemisit
1180 3195 1434 3269 Antichristus.

387 3315 436 3385 Et
461 3315 536 3384 haeo
553 3314 697 3406 quidem
721 3336 793 3383 non
818 3313 1041 3404 inexplorata
1065 3312 1274 3405 proloqu0r;
1300 3314 1362 3383 sed
1389 3337 1435 3383 ex

386 3429 539 3522 eoquod
566 3428 701 3499 nullum
728 3436 765 3497 te
790 3427 891 3497 video
915 3428 1032 3498 fucere
1056 3428 1238 3511 virtutem,
1255 3428 1307 3498 itu
1330 3428 1376 3497 de
1397 3436 1435 3497 te

386 3546 511 3614 sentio.
564 3544 672 3614 Illum
698 3544 795 3614 enim
825 3551 863 3614 et
888 3542 925 3611 in
956 3542 1122 3636 angelum
1149 3542 1239 3615 luc-is
1269 3544 1436 3613 transfor-

385 3660 563 3742 mandum
581 3669 619 3730 et
637 3659 816 3730 ministros
833 3658 909 3749 ejus
927 3657 1018 3728 tales
1041 3658 1255 3729 adventuros
1279 3681 1435 3751 praenos·

425 3894 438 3926 ⁰
453 3884 487 3941 lu
501 3883 601 3941 eodem
615 3883 713 3941 codiee
727 3882 939 3956 corruptissime
954 3883 1069 3958 iegitur,
1086 3883 1212 3940 Galatam
1217 3883 1313 3957 focus
1326 3883 1402 3953 vicit,
1418 3903 1434 3940 o

383 3981 589 4056 nostrusferus.
633 3981 697 4038 Nos
708 3980 820 4038 modice
835 3979 991 4037 mutatione
1011 3980 1105 4037 locum
1123 3980 1199 4037 hunc
1214 3980 1363 4037 restituere
1384 3999 1432 4037 co·

384 4080 443 4136 nuti
458 4097 563 4135 sumus.

423 4172 438 4217 ‘¹
460 4176 498 4233 Et
511 4175 556 4233 hic
570 4176 641 4233 mire
655 4175 824 4250 depravatus
838 4185 882 4231 est
899 4174 975 4231 idem
995 4174 1093 4238 codex,
1109 4174 1138 4230 in
1153 4193 1209 4249 quo
1223 4173 1337 4249 legitur,
1355 4174 1432 4230 Anu-

382 4274 470 4329 stema
490 4282 559 4330 esset
578 4292 640 4331 anu.
676 4276 722 4329 Ao
740 4281 817 4329 recte
836 4291 889 4329 uos
910 4272 1163 4337 emendaverimus,
1186 4272 1346 4329 Doctorum
1369 4280 1432 4330 esto

378 4369 524 4446 judicium.
560 4370 635 4428 Vide
648 4372 733 4428 etium
748 4388 784 4427 un
799 4370 1001 4445 corrigendum
1021 4370 1068 4436 tit,
1082 4370 1231 4427 Arintheum
1251 4388 1280 4426 eu
1299 4377 1326 4425 et
1340 4386 1431 4424 muru·

381 4466 473 4524 min.
763 4477 776 4509 e
791 4466 865 4524 Vide
879 4486 924 4534 uu,
940 4467 1054 4543 Renum.

423 4634 430 4657 ¹
456 4626 536 4700 [For.
552 4645 669 4684 cursum.
699 4626 826 4703 Vulgata
839 4627 926 4685 habet
940 4646 1050 4685 cursum
1065 4628 1254 4691 commmuvi,
1271 4625 1372 4683 Groecs
1385 4628 1432 4681 τὸν

379 4726 477 4798 δρόμον
490 4724 634 4798 corinun]
