3817 5692
748 692 1058 755 DISPUTATIO.
1363 694 1425 759 159

378 864 603 936 manifestum
632 875 696 936 ast.
750 865 852 936 Nihil
883 867 977 936 anim
1002 864 1106 958 hujus
1135 866 1425 936 'circumcisionis

378 980 516 1072 inipso
542 982 740 1065 invenitur;
779 982 894 1053 adhuc
922 983 1018 1051 enim
1047 1004 1092 1051 ex
1117 979 1212 1051 Juda
1242 1004 1343 1074 reges
1370 981 1426 1051 fu-

378 1106 482 1167 erunt
500 1104 580 1188 post
597 1098 722 1189 ipsum,
740 1107 778 1168 et
801 1099 880 1168 ideo
898 1097 1013 1170 aliena
1031 1096 1135 1190 longe
1153 1106 1207 1166 est
1228 1097 1273 1167 ab
1291 1118 1334 1165 eo
1351 1097 1425 1167 haec

378 1209 571 1302 prophetia.
624 1212 689 1281 ‘Et
714 1212 781 1282 hoc
799 1222 853 1283 est
875 1213 1046 1295 velamen,
1064 1213 1158 1304 quod
1182 1213 1294 1283 estin
1322 1211 1426 1305 Moy-

377 1347 460 1407 sen;
486 1330 732 1420 nequeenim,
759 1330 850 1398 sicut
876 1328 1023 1399 fortasse
1046 1329 1154 1420 aliqui
1180 1329 1424 1420 imperitorum

376 1449 516 1532 putant,
534 1443 683 1514 linteum
707 1443 862 1535 aliquod,
880 1453 942 1513 aut
968 1444 1071 1536 pellis
1094 1444 1171 1523 fuit,
1190 1467 1267 1535 quae
1286 1444 1425 1513 vultum

377 1558 452 1648 ejus
470 1560 633 1650 operiret.
686 1558 758 1630 Sed
776 1558 971 1651 Apostolus
989 1559 1178 1652 diligenter
1195 1560 1351 1629 ostendit
1374 1561 1426 1629 di·

377 1694 470 1754 cens,
489 1673 649 1743 velamen
674 1697 749 1744 csse
770 1676 925 1766 positum
942 1676 979 1744 in
1001 1675 1153 1745 lectione
1170 1676 1300 1744 veteris
1317 1684 1426 1744 testa·

377 1788 502 1869 menti,
531 1791 795 1881 propterquod
829 1791 870 1873 is,
904 1792 965 1881 qui
1000 1790 1197 1882 appellatur
1230 1792 1426 1883 antiquitus

378 1901 496 1985 Israel,
527 1914 694 1997 expectat
728 1907 918 1977 adventare
949 1904 1142 1988 Christum,
1172 1930 1242 1976 nou
1274 1907 1426 1976 uintelli-

376 2028 510 2110 gentes
542 2022 624 2112 quia
653 2022 859 2092 deiecerunt
893 2044 939 2090 ex
969 2020 1065 2090 Juda
1099 2022 1282 2111 principes,
1313 2030 1350 2089 et
1379 2042 1424 2088 ex

378 2133 570 2206 femoribus
593 2138 668 2229 ejus
692 2138 819 2220 duces;
845 2138 938 2206 sicut
965 2159 1058 2206 nunc
1077 2135 1237 2205 videmus
1257 2135 1425 2227 ¹regibus

377 2272 447 2331 eos,
473 2252 757 2344 principibusque
783 2254 961 2344 subjectos
987 2253 1120 2322 tributa
1145 2252 1310 2344 pendere,
1328 2249 1425 2320 nulla

377 2368 443 2438 sibi
469 2377 647 2460 potestate
673 2369 729 2439 vel
754 2369 947 2460 judicandi,
976 2368 1031 2438 vel
1056 2370 1222 2461 puniendi
1251 2391 1424 2450 concessa,

377 2481 469 2551 sicut
488 2482 513 2551 J
515 2485 601 2554 udas
626 2484 760 2566 habuit,
780 2485 878 2576 ²quiu
897 2482 1063 2562 Thamar,
1089 2493 1316 2574 posteaquam
1343 2506 1428 2552 oon-

378 2597 614 2679 demnaverat,
651 2599 768 2692 potuit
798 2611 813 2658 l
819 2599 1024 2689 justificare.
1074 2595 1164 2669 ³Sed
1200 2606 1232 2668 ct
1270 2594 1426 2668 ridebitis

377 2713 481 2785 citum
499 2724 643 2786 cestrum
657 2715 858 2810 pendentem
876 2724 954 2785 unte
971 2712 1084 2785 occulos
1101 2723 1236 2785 cedros

428 2831 572 2904 XLIV.
599 2831 721 2903 Habet
739 2833 846 2903 etiam
863 2832 921 2901 hic
944 2855 1059 2903 sermo
1078 2830 1249 2901 velamen.
1301 2828 1426 2921 Usque

379 2947 422 3016 ad
451 2946 631 3018 Herodem
659 2949 754 3018 enim
780 2971 825 3018 ex
853 2957 952 3040 parte
979 2947 1098 3039 aliqua
1126 2968 1274 3039 regnum
1303 2955 1425 3015 tenere

380 3063 609 3146 videbantur3
635 3065 679 3135 ab
698 3064 862 3158 Augusto
879 3074 1001 3134 autem
1028 3065 1140 3156 primu
1164 3062 1371 3154 'adscriptio
1388 3063 1425 3132 in

379 3181 429 3250 eis
445 3180 538 3251 facta
555 3190 619 3261 est,
637 3190 675 3250 et
692 3190 874 3273 coeperunt
892 3181 1026 3251 tributa
1044 3180 1207 3272 pendere,
1225 3188 1262 3248 et
1280 3201 1424 3248 censum

379 3296 473 3367 dare.
527 3297 584 3366 Ex
602 3320 672 3387 quo
690 3307 811 3367 autem
829 3298 1005 3367 Dominus
1030 3304 1150 3365 noster
1165 3291 1190 3364 J
1192 3317 1271 3365 esus
1289 3303 1426 3386 coeptus

379 3422 433 3481 est
457 3412 670 3504 prophetari,
696 3423 804 3504 atque
830 3411 1023 3503 expectari,
1040 3433 1086 3480 ex
1112 3432 1154 3479 ao
1181 3410 1357 3501 principes
1379 3431 1426 3479 ex

378 3526 474 3597 Juda
500 3550 576 3598 esse
604 3538 799 3620 coeperunt,
829 3537 867 3597 et
895 3528 1002 3597 duces
1035 3524 1167 3617 populi,
1194 3525 1253 3615 qui
1289 3546 1426 3593 rursum

418 3708 430 3750 ῑ
445 3707 545 3765 Codex
560 3708 732 3766 Casinensis.
768 3710 808 3766 Er
823 3710 879 3766 daec
891 3717 932 3766 est
946 3708 1073 3769 velamen.
1089 3717 1117 3763 et
1131 3705 1214 3769 inl'ra,
1228 3707 1272 3761 vel
1281 3705 1374 3780 pellis.

419 3816 435 3848 ¹¹
459 3806 532 3863 cod.
554 3807 672 3864 Bobien.
695 3807 856 3883 intellipens.
894 3807 980 3879 (Mox
995 3804 1136 3880 principes
1159 3802 1234 3859 idem
1260 3802 1360 3866 codex,
1379 3801 1426 3857 ubi

379 3905 539 3979 Zacagnius
553 3904 640 3976 habet
648 3906 786 3980 princepe,
803 3905 852 3961 sed
867 3914 895 3962 et
910 3901 1057 3979 sequentia
1071 3900 1223 3970 conseras.)

420 4011 435 4042 ¹
451 4001 529 4058 Male
543 4002 692 4058 Bobiensis
706 4002 806 4067 codex,
822 4003 930 4077 rapidus
943 4021 999 4065 eos,
1015 3998 1173 4074 rectiusque
1186 3997 1329 4070 subjectae.

420 4109 434 4153 Υ
457 4098 529 4155 Cod.
545 4097 665 4155 Bobien.
680 4099 844 4174 justificare.
875 4098 932 4155 Sed
942 4096 1077 4154 videbitis.
1114 4095 1248 4152 Casinen.
1261 4093 1427 4168 justificari.

379 4197 435 4254 Sed
448 4206 474 4254 et
487 4196 620 4253 uidebitis.

421 4306 432 4332 ²¹
458 4295 607 4352 Bobiensis
628 4294 728 4360 codex,
753 4293 910 4368 adscriptio.
947 4290 1027 4356 Mox,
1053 4295 1244 4363 ceperuntque.
1282 4286 1319 4341 Et
1344 4285 1426 4350 infra,

380 4392 513 4449 Dominus
526 4410 605 4448 meus.

422 4548 428 4570 ¹
447 4540 524 4614 [For.
539 4539 732 4613 reponendum
748 4535 998 4607 commutationis]
1146 4539 1153 4562 ¹
1170 4532 1242 4589 Gen.
1257 4528 1374 4587 xxxviii.

767 4641 775 4671 ⁵
791 4635 875 4690 Dent.
888 4634 982 4690 xxviii.
993 4633 1041 4689 66.
