3817 5692
763 703 1073 768 DISPUTATIO.
1381 705 1441 769 131

397 858 487 928 feste
506 858 604 928 vobis
630 859 797 929 indicavit
816 883 875 929 vas
898 858 1082 929 electionis
1100 858 1293 952 Apostolus
1311 859 1444 931 Paulus

396 977 526 1057 dicens,
546 974 656 1065 'Quia
680 976 717 1044 in
743 976 938 1046 nouissimis
964 974 1171 1070 temporibus
1196 976 1350 1047 recedent
1367 979 1444 1071 qui-

396 1089 476 1160 dam
494 1114 515 1159 a
522 1089 610 1184 fide,
628 1089 832 1160 attendentes
852 1088 1032 1184 spiritibus
1057 1090 1298 1174 seductoribus,
1317 1100 1349 1162 et
1365 1091 1445 1163 dae-

396 1205 501 1275 trinis
517 1204 778 1287 demoniorum,
796 1205 833 1274 ia
850 1202 1028 1299 hppoerisi
1053 1205 1231 1277 mendacia
1248 1204 1444 1300 ‘loquenten

396 1322 619 1392 cauteriatam
645 1318 800 1391 habentes
826 1321 1078 1403 eameientiam,
1101 1320 1356 1416 prohibentium
1382 1348 1446 1394 nra-

396 1435 483 1519 bere,
501 1435 669 1507 abstinere
684 1460 720 1506 se
736 1460 758 1505 a
775 1434 869 1518 cibis,
888 1460 973 1530 quos
989 1435 1088 1508 Deus
1105 1440 1233 1510 creauit
1251 1439 1320 1511 uad
1330 1440 1446 1534 perei-

390 1552 558 1648 piendum
585 1576 661 1624 eum
682 1554 879 1649 pratiarum
906 1554 1039 1625 aetiana
1051 1554 1227 1649 fidelibus,
1248 1566 1280 1627 et
1305 1555 1360 1626 his
1386 1558 1448 1650 qui

397 1678 622 1766 eapaaoernnt
647 1669 847 1748 veritatem·
872 1670 1035 1763 preamium
1061 1671 1173 1740 amnis
1196 1680 1354 1742 ereatura
1374 1670 1448 1743 Dei

396 1784 483 1857 bona
510 1793 567 1866 est,
594 1794 625 1856 et
652 1782 744 1855 nihil
767 1782 1005 1877 abpieiendum,
1031 1784 1124 1879 quod
1149 1810 1226 1857 eum
1248 1787 1446 1883 pratiarum

398 1903 529 1974 actione
540 1901 745 1995 percipitur.
786 1900 857 1970 Sed
876 1911 913 1971 et
932 1900 1085 1992 Spiritus
1104 1900 1331 1996 Evangelista
1349 1903 1448 1974 Mat

398 2018 510 2088 thaeus
550 2018 739 2111 diligenter
777 2018 989 2110 significavit
1025 2017 1170 2088 Domini
1213 2022 1323 2089 nostri
1358 2018 1447 2089 Jesu

398 2131 529 2203 Christi
555 2156 762 2215 sennonem,
778 2140 789 2168 ²
803 2131 921 2204 Videte
937 2157 980 2203 ne
992 2134 1070 2227 quis
1088 2157 1145 2204 aas
1161 2134 1321 2214 seducam
1348 2134 1448 2207 multi

397 2249 488 2319 enim
506 2250 639 2321 venient
657 2250 694 2318 in
712 2249 848 2318 nentina
866 2272 948 2330 rnen,
967 2248 1125 2333 dieentes,
1139 2250 1216 2347 Epo
1233 2275 1308 2321 sum
1324 2249 1445 2325 Chris·

399 2376 475 2435 tns:
502 2374 534 2435 et
551 2364 673 2436 multas
694 2362 861 2435 seducent.
914 2363 1018 2454 Quod
1038 2366 1071 2435 si
1087 2366 1191 2436 etiam
1208 2364 1336 2461 aliquis
1353 2366 1447 2439 robis

398 2480 540 2562 ditarit,
557 2504 629 2551 eeee
653 2477 710 2550 hia
735 2489 783 2550 est
801 2477 975 2562 Christus,
992 2491 1052 2552 aut
1073 2505 1145 2552 ecee
1171 2480 1229 2565 ibi,
1247 2481 1352 2553 nolite
1373 2509 1446 2556 ere-

398 2595 487 2666 dere.
539 2595 722 2694 Erurpent
750 2595 840 2666 enim
860 2593 955 2690 fabri
985 2595 1131 2680 Christi,
1157 2608 1212 2669 ¹et
1231 2596 1325 2693 sahi
1349 2600 1447 2694 Apo·

397 2711 488 2795 stoli,
515 2722 546 2784 et
564 2711 659 2807 falsi
684 2710 879 2806 Propheta,
906 2722 937 2783 et
967 2710 1097 2783 dabunt
1124 2714 1224 2811 sipaa
1253 2739 1387 2811 maprra,
1414 2726 1448 2787 et

393 2828 571 2926 pradipia,
597 2831 647 2901 ita
673 2839 710 2900 ut
737 2829 774 2899 in
801 2852 951 2899 errarem
979 2827 1153 2910 inducant,
1172 2830 1204 2900 si
1221 2840 1333 2924 potest
1348 2832 1445 2926 fieri,

398 2947 501 3015 etiam
519 2944 646 3017 eleetos.
688 2944 779 3016 Eece
788 2943 946 3038 pradiui
963 2942 1065 3015 uobis.
1103 2943 1149 3017 Si
1165 2944 1321 3017 direrint
1344 2943 1445 3027 vobis,

398 3085 471 3132 ecee
497 3061 534 3131 in
557 3061 687 3132 dmerto
713 3070 783 3132 est:
810 3058 915 3130 notite
940 3060 1046 3131 enirn.
1097 3059 1143 3133 Si
1165 3061 1321 3135 diaerint
1344 3061 1445 3146 vobis,

399 3179 437 3247 in
457 3174 688 3271 penetralibus
700 3202 711 3256 ,·
737 3174 841 3247 nolite
866 3175 1011 3247 medere.
1065 3177 1114 3247 Et
1139 3188 1219 3269 post
1242 3180 1311 3249 ista
1327 3181 1447 3251 omnia

398 3293 573 3374 mandata,
592 3294 659 3362 iste
676 3315 742 3362 nee
759 3292 897 3385 signum
916 3293 1059 3384 quidem
1077 3292 1230 3384 aliquod,
1248 3303 1312 3365 aut
1328 3296 1445 3388 prodi-

397 3409 496 3500 gium
531 3407 643 3477 ullum
673 3407 870 3486 ostendens,
901 3430 1017 3499 nequa
1047 3406 1256 3478 affinitatem
1290 3409 1445 3501 aliquam

441 3610 452 3650 t
474 3610 508 3665 ln
522 3610 648 3685 Vulgata
665 3612 749 3685 juxta
767 3629 891 3685 gracum
905 3618 1017 3667 textum
1031 3620 1084 3672 est.
1100 3611 1269 3685 loquentium,
1286 3610 1446 3678 habentium,

395 3708 603 3781 prohibentium.
646 3708 705 3764 Ant
726 3708 814 3782 igitur
834 3708 880 3763 hic
901 3707 1001 3763 eodem
1016 3708 1103 3763 modo
1116 3707 1280 3782 legendum,
1295 3717 1344 3764 aut
1357 3709 1446 3765 corri-

398 3806 534 3881 gendum,
551 3804 734 3880 prohibentes.
778 3804 836 3861 Sed
856 3805 930 3863 hanc
949 3806 1101 3862 lectionem
1124 3805 1241 3879 antiqua
1264 3806 1350 3862 etiam
1371 3806 1447 3880 apud

398 3902 602 3958 Tertullianum
616 3901 708 3958 versio
722 3902 872 3976 improbat,
889 3921 951 3977 quae
966 3901 1098 3976 Vulgatae
1120 3901 1174 3958 hac
1195 3902 1224 3958 in
1244 3911 1325 3976 parte
1347 3903 1446 3959 similis

399 4009 451 4056 est.

441 4107 457 4138 ¹¹
478 4097 512 4153 In
534 4098 683 4155 Casinensi
701 4106 754 4163 est,
773 4098 810 4154 ad
824 4099 1027 4173 perficiendam.
1071 4097 1128 4153 Sed
1144 4096 1274 4171 Vulgatae
1294 4097 1446 4154 lectionem

399 4194 569 4251 substituere
584 4195 671 4253 satius
685 4196 777 4252 visum
792 4204 843 4252 est.
869 4195 956 4268 (Mox
969 4194 1123 4270 legendum
1138 4194 1250 4251 videtur
1263 4194 1394 4269 Spiritu.)

440 4301 455 4332 ¹
477 4290 573 4348 Verba
593 4292 649 4355 ills,
664 4300 691 4348 et
703 4292 778 4366 salai
791 4293 924 4366 Apostoli,
939 4292 975 4348 ab
989 4293 1142 4367 interprete
1165 4291 1295 4347 Archelai
1316 4290 1447 4347 videntur

399 4389 542 4464 adjuncta,
557 4389 752 4463 explicationis
766 4409 867 4454 eausa;
890 4410 956 4446 nam
971 4390 1066 4446 necin
1080 4407 1185 4463 graco,
1201 4408 1253 4445 nee
1267 4389 1295 4444 in
1311 4387 1446 4463 Vulgata,

398 4505 452 4543 nec
467 4487 542 4561 apud
556 4486 730 4562 cyprianum
745 4488 869 4561 aliosque
884 4487 982 4543 Patres
996 4487 1139 4563 leguntur.

470 4638 477 4660 ¹
499 4651 507 4689 ι
525 4632 597 4689 lim.
612 4633 650 4690 iv.
669 4651 751 4705 1-4.
916 4637 924 4659 ¹
940 4631 1013 4688 Mat.
1028 4632 1100 4688 xxiv.
1116 4649 1145 4702 4,
1163 4646 1189 4703 5.
1205 4637 1234 4685 et
1250 4646 1265 4684 2
1270 4628 1378 4702 3-26.

900 4750 913 4787 s
931 4746 948 4789 2
