3817 5692
710 701 1013 764 ARCHELAUS.
1367 702 1387 763 7

340 873 561 956 explicatione,
577 871 661 955 quod
677 872 785 955 utique
800 893 863 933 non
879 871 1015 945 fecisset,
1028 871 1080 954 qui
1096 869 1223 953 Syriace
1235 870 1387 953 scriptum

340 995 419 1058 opus
437 972 606 1036 Latinitati
623 973 782 1035 donasset.
822 972 907 1035 Hinc
923 995 990 1055 cap.
1007 972 1060 1035 liii.
1079 972 1191 1035 talenti
1207 993 1314 1034 vocem
1331 993 1388 1055 pro

340 1077 480 1160 pondere
494 1084 637 1158 usurpat,
655 1096 717 1157 quo
733 1095 825 1136 sensu
847 1074 932 1157 apud
950 1074 1080 1136 Graecos
1095 1094 1156 1135 vox
1172 1072 1322 1134 τάλαντον
1342 1072 1388 1133 in·

340 1178 467 1241 terdum
490 1177 654 1260 accipitur.
700 1176 751 1239 Sic
774 1176 868 1260 paulo
891 1184 976 1251 ante,
1004 1173 1079 1257 Opti
1100 1174 1251 1237 vocabulo
1275 1174 1388 1249 utitur,

341 1287 375 1341 et
400 1278 511 1342 statim
533 1276 641 1339 subdit
668 1297 707 1338 ex
733 1274 952 1338 emendatione
975 1283 1097 1349 nostra,
1124 1275 1204 1358 qaod
1224 1296 1328 1337 nemea
1349 1283 1390 1337 cel

341 1379 401 1441 tali
410 1408 421 1453 ;
447 1378 552 1441 velut
574 1378 606 1440 in
628 1378 765 1460 quodam
782 1376 1117 1460 Regio-Alexandrino
1135 1377 1242 1439 codice
1263 1377 1389 1461 legitur,

342 1481 423 1565 qaod
435 1500 539 1543 nomm
553 1489 594 1542 cst
609 1479 691 1554 alsa,
707 1500 728 1540 a
744 1480 846 1555 κύβος,
862 1478 992 1553 scilicet,
1010 1499 1080 1560 quae
1096 1500 1156 1541 vox
1174 1500 1264 1563 aeque
1279 1478 1389 1553 talum,

342 1594 439 1666 atque
461 1582 563 1645 aleam
586 1579 754 1665 significat,
771 1586 807 1641 ut
827 1579 859 1640 in
881 1579 1000 1641 nostris
1020 1579 1149 1642 adeum
1170 1579 1273 1642 locum
1294 1578 1391 1654 notis,

343 1692 377 1747 et
396 1704 505 1746 earum
524 1680 697 1766 appendice
720 1680 964 1743 observavimus.
1011 1680 1061 1741 Sic
1085 1680 1218 1763 denique
1242 1701 1312 1764 cap.
1326 1680 1390 1744 viii.

342 1785 403 1859 ait,
417 1786 542 1847 Lanam
563 1783 733 1867 apocrasia,
755 1781 967 1844 detrimentem
982 1783 1067 1866 pali,
1083 1804 1179 1865 quarn
1199 1790 1392 1866 postremam

343 1906 451 1948 vocem
463 1885 576 1968 prioris
588 1882 885 1967 interpretationem
897 1905 964 1946 esse
980 1905 1071 1946 nemo
1084 1904 1146 1946 non
1159 1883 1254 1946 videt.
1285 1881 1332 1966 [N
1333 1904 1392 1945 unc

345 2006 469 2069 quoque
479 1984 610 2067 Syriaca
622 1983 730 2066 lingua
744 1982 859 2044 librum
870 2004 961 2045 suum
972 1984 1133 2067 scripsisse
1144 1982 1348 2059 Archelaum,
1360 1984 1392 2048 id

345 2086 404 2149 sibi
430 2086 614 2172 persuaderi
639 2105 731 2168 posse
756 2091 852 2167 negat
876 2085 924 2146 vir
950 2085 1148 2148 doctissimus
1170 2084 1204 2147 J.
1217 2085 1254 2147 B.
1275 2086 1393 2149 Morris

349 2190 482 2272 Operam
509 2188 688 2249 selecta-am
714 2188 746 2248 S.
768 2185 916 2269 Ephe-emi
941 2188 1017 2268 Syri
1045 2210 1062 2251 e
1090 2187 1219 2270 Syriaco
1249 2208 1393 2250 sermone

350 2289 503 2373 Anglicus
518 2289 685 2371 interpres.
717 2287 848 2350 Praelat.
865 2310 936 2372 pag.
952 2288 1021 2371 xii]

390 2390 501 2454 Refert
519 2389 717 2473 Epiphanius
741 2411 810 2473 cap.
825 2389 867 2451 xi.
890 2389 1095 2466 Archelaum,
1115 2397 1189 2472 post
1209 2391 1352 2474 fugatum
1376 2412 1393 2453 e

348 2493 455 2556 (larris
473 2492 648 2566 Manetem,
664 2491 703 2553 de
727 2492 794 2574 ejus
815 2491 954 2554 adventu
974 2492 1006 2553 in
1021 2492 1230 2555 Diodoridem
1245 2492 1394 2556 Castrum

347 2618 368 2658 a
384 2594 526 2657 Diodoro
542 2593 601 2655 loci
617 2592 699 2655 illius
720 2593 905 2676 presbytero
925 2592 1092 2655 certiorem
1107 2593 1239 2669 lactum,
1255 2594 1334 2657 duos
1352 2595 1393 2657 ad

347 2695 480 2758 cundem
496 2693 672 2756 Diodorum
687 2696 806 2775 λόγους,
822 2694 882 2756 hoc
898 2699 958 2767 est,
975 2692 1072 2753 libros
1087 2693 1216 2767 misisse,
1234 2702 1269 2755 ut
1285 2715 1394 2755 eorum

348 2796 481 2859 lectione
506 2795 681 2858 instructus
703 2795 791 2878 impii
812 2793 954 2857 haeretiei
981 2799 1115 2855 conatus
1140 2793 1263 2875 etipse
1287 2793 1395 2856 infrin-

347 2917 421 2981 gere
436 2895 565 2958 valerct.
611 2897 672 2958 Sed
688 2917 727 2958 ea
741 2896 773 2957 in
790 2917 824 2958 re
840 2895 963 2979 lapsum
978 2893 1072 2955 fuisse
1088 2892 1302 2976 Epiphanium
1317 2896 1395 2958 scite

348 2998 487 3061 advertit
514 2997 688 3061 Gulielmus
712 2997 796 3061 (lave
819 2998 850 3058 in
877 2997 1074 3080 Scriptorum
1100 2995 1394 3060 Ecclesiasticorum

351 3099 497 3162 Historia
511 3098 679 3171 litteraria,
696 3107 730 3161 et
750 3120 789 3160 ex
810 3099 890 3162 actis
911 3098 987 3182 ipsis
1003 3096 1228 3179 disputationis
1245 3097 1395 3162 Archelai

349 3221 421 3262 cum
428 3200 559 3262 Manete
568 3198 741 3261 luculenter
750 3200 939 3277 ostenditur,
947 3200 979 3261 iu
990 3199 1028 3261 iis
1037 3200 1120 3260 enirn
1130 3221 1199 3280 cap.
1209 3199 1260 3261 xli.
1272 3200 1397 3285 integra

349 3300 485 3363 refertur
504 3300 655 3363 Archelai
676 3301 717 3363 ad
733 3301 911 3363 Diodorum
927 3300 1074 3384 epistola,
1090 3300 1122 3362 in
1134 3322 1197 3384 qua
1217 3323 1250 3363 se
1265 3303 1397 3366 voluisse

351 3402 488 3485 quidem,
503 3402 550 3465 ait
566 3402 753 3477 Archelaus,
770 3404 811 3465 ad
828 3402 1004 3465 Diodorum
1016 3401 1122 3464 omnia
1137 3402 1340 3486 perscribere,
1358 3406 1397 3467 de

351 3503 548 3586 quibuscum
564 3504 695 3567 Manete
712 3525 819 3566 coram
834 3503 965 3567 delectis
977 3504 1137 3586 judicibus
1157 3503 1395 3586 disputaverat;

351 3606 406 3667 sed
436 3611 607 3688 propterea
632 3605 671 3667 iis
696 3605 861 3668 mittendis
891 3605 1114 3689 supersedisse,
1141 3604 1226 3688 quod
1252 3605 1398 3689 deinceps

351 3727 408 3788 per
423 3706 524 3768 otium
547 3706 586 3768 de
606 3712 678 3768 tota
696 3706 910 3789 disputatione
930 3707 1065 3768 eundem
1086 3706 1251 3767 certiorem
1266 3705 1398 3768 reddere

352 3805 524 3889 cogitabat.
556 3806 596 3868 In
611 3806 674 3868 fine
690 3805 788 3868 etiarn
803 3806 944 3889 epistolae
964 3815 1037 3889 post
1059 3806 1198 3869 breviter
1213 3806 1399 3891 perstrictos

355 3907 495 3971 Manetis
510 3929 641 3983 errores,
658 3930 691 3971 se
711 3906 812 3970 multa
832 3907 957 3970 silentio
978 3906 1168 3992 praeteriisse
1187 3907 1305 3982 scribit,
1323 3908 1399 3970 dum

352 4008 485 4072 celerem
501 4008 562 4092 ipsi
578 4010 810 4093 responsionem
826 4009 958 4072 reddero
972 4008 1113 4083 festinat,
1131 4030 1169 4071 ne
1189 4009 1318 4072 minima
1333 4010 1399 4093 qui-

353 4110 423 4172 dom
439 4109 591 4172 librorum
608 4110 649 4173 ad
665 4110 799 4173 eundem
819 4111 986 4173 missorum
1005 4111 1165 4173 mentione
1180 4110 1274 4173 facta.
1323 4113 1399 4174 Cer-

354 4219 422 4274 tum
447 4211 555 4294 itaque
582 4220 641 4288 est,
670 4212 873 4287 Archelaum,
901 4236 963 4296 quo
989 4221 1132 4296 tempore
1156 4214 1197 4275 ad
1222 4213 1399 4277 Diodorum

353 4312 572 4396 presbyterum
589 4311 697 4376 literas
710 4314 807 4388 dedit,
821 4313 920 4376 nullos
936 4316 1087 4377 adversus
1101 4314 1242 4376 Manctis
1254 4314 1400 4378 haeresim

353 4412 450 4475 libros
474 4412 691 4476 elucubrasse:
724 4415 777 4477 sod
806 4436 863 4478 nec
891 4416 1007 4479 secutis
1033 4416 1179 4499 deinceps
1203 4416 1400 4500 temporibus

354 4514 425 4577 libri
449 4514 501 4576 ulli
524 4515 565 4578 ab
591 4515 749 4579 Archelao
771 4517 922 4579 adversus
944 4517 1078 4579 eundem
1103 4515 1211 4599 scripti
1238 4513 1333 4575 fuisso
1356 4515 1399 4576 vi-

355 4614 489 4686 dentur;
514 4615 574 4677 nisi
597 4616 666 4698 quis
687 4617 870 4691 contendat,
887 4617 1057 4699 ipsummet
1081 4625 1155 4679 acta
1175 4614 1400 4696 disputationis
