3817 5692
500 652 564 755 no
723 691 975 756 Ancuunnr
1010 692 1073 755 nr
1105 694 1324 757 nnunnrs

500 863 606 945 coitio,
625 863 706 955 qnio
724 862 797 931 dies
810 860 968 944 Domini,
986 864 1075 933 sieut
1086 862 1158 957 sur
1180 864 1218 932 in
1236 872 1340 943 nocte,
1360 865 1408 933 ito
1428 863 1544 933 reniet.

500 976 549 1047 Et
567 979 743 1069 quomodo
770 999 863 1045 nunc
887 978 1004 1046 adstat
1031 979 1097 1046 iste
1124 979 1346 1068 persuadens,
1365 989 1402 1047 et
1420 1000 1547 1069 rogans

498 1116 776 1184 unumquenque
803 1093 1039 1162 Manicheum
1066 1092 1168 1173 effici,
1186 1104 1224 1162 et
1249 1092 1490 1172 circumvenit,
1508 1102 1546 1161 et

497 1208 694 1300 ingreditur
711 1208 843 1286 domos,
861 1208 1024 1297 decipere
1042 1231 1199 1299 quaerens
1224 1210 1359 1277 enimes
1384 1218 1546 1276 oneratas

497 1323 674 1413 peccatis?
702 1321 773 1392 Sed
791 1344 855 1391 uos
877 1346 947 1391 non
966 1324 1017 1392 ite
1033 1324 1216 1407 sentimus,
1235 1324 1319 1413 quin
1348 1324 1465 1414 potius
1490 1344 1545 1390 res

496 1439 588 1528 ipsas
606 1439 822 1530 proferamus
839 1440 874 1507 iu
892 1439 1060 1518 medium,
1075 1448 1112 1507 et
1125 1439 1357 1519 conferamus,
1371 1439 1398 1507 si
1417 1437 1543 1530 placet,

496 1553 542 1622 sd
567 1553 765 1643 perfectum
789 1552 1016 1623 Pareclituur.
1067 1552 1210 1623 Videtis
1226 1555 1320 1622 euim
1339 1554 1421 1644 quia
1437 1556 1545 1625 inter-

497 1669 581 1737 dum
609 1670 768 1759 poenitct,
786 1669 964 1738 interdum
991 1669 1195 1761 interroget,
1213 1692 1465 1759 nonnunquam
1484 1672 1544 1741 de·

497 1794 671 1874 precetur.
723 1782 796 1853 Sed
821 1785 990 1875 scriptum
1015 1794 1069 1853 est
1091 1786 1126 1852 iu
1148 1784 1333 1876 evangelio
1350 1784 1543 1855 Salvatoris

497 1900 616 1979 nostri,
634 1901 718 1989 quie
735 1908 772 1968 et
789 1898 852 1980 illi,
870 1900 930 1991 qui
952 1922 974 1967 e
990 1900 1139 1968 sinistris
1162 1898 1270 1991 Regis
1295 1901 1473 1982 assistunt,
1491 1900 1543 1970 di-

497 2024 590 2096 cent,
610 2012 780 2095 ¹Domine‚
800 2013 935 2107 quondo
953 2023 984 2083 te
1005 2014 1155 2084 vidimus
1178 2015 1389 2097 esurientem,
1408 2023 1469 2085 ont
1493 2017 1542 2085 si-

497 2129 642 2210 tientem,
661 2139 721 2199 ont
737 2128 878 2211 neudum,
896 2138 956 2198 ont
978 2130 1209 2225 pereprinum,
1228 2138 1288 2199 ant
1309 2130 1371 2198 tin
1397 2155 1542 2214 earcere,

497 2253 528 2314 et
550 2266 618 2313 non
641 2245 913 2316 ministravimus
939 2243 1034 2314 tibi?
1058 2254 1223 2337 rogantes
1240 2253 1281 2313 ut
1298 2246 1363 2315 sibi
1382 2247 1542 2341 indulge-

496 2368 572 2441 ret;
608 2360 670 2429 sed
704 2361 789 2451 quid
824 2360 893 2430 illis
927 2360 1108 2451 respondit
1140 2362 1260 2451 justus
1287 2361 1402 2451 judex
1437 2361 1541 2431 Rex?

497 2472 687 2545 ’Discedite
698 2499 720 2544 o
737 2498 789 2545 me
804 2475 843 2544 in
860 2476 972 2571 ipnem
985 2484 1152 2545 aenrnnm
1167 2476 1321 2568 operarii
1335 2476 1539 2569 iniqnitatis.

496 2587 642 2681 Abjecit
660 2613 719 2661 eos
739 2593 775 2660 in
797 2606 966 2661 {eternum
988 2593 1118 2684 ignem,
1136 2615 1217 2661 cum
1244 2591 1295 2661 illi
1322 2615 1445 2684 rogare
1470 2617 1541 2662 non

495 2717 643 2777 cessent.
694 2707 851 2777 Videsne
867 2708 952 2798 quid
979 2709 1024 2777 sit
1047 2708 1193 2798 perfecti
1212 2708 1323 2800 Regis
1343 2708 1540 2779 adventus?

495 2845 566 2891 non
592 2824 711 2906 talem,
734 2822 875 2915 qualem
899 2834 941 2893 tu
968 2824 1092 2892 asseris
1118 2823 1382 2914 perfectionem.
1435 2824 1539 2907 Quod

494 2941 524 3008 si
551 2948 631 3030 post
656 2940 770 3031 ipsum
798 2939 1041 3030 expectandus
1061 2947 1116 3009 est
1138 2960 1286 3031 magnus
1304 2939 1430 3030 judicii
1454 2938 1540 3021 dies,

494 3052 610 3122 multo
628 3055 751 3144 utique
773 3052 831 3122 hic
857 3052 919 3121 illo
935 3053 1080 3122 inferior
1094 3063 1159 3122 est.
1211 3052 1315 3135 Quod
1342 3053 1372 3122 si
1396 3053 1541 3123 inferior

495 3169 572 3247 erit,
590 3168 767 3259 perfectus
788 3190 858 3236 non
876 3168 953 3236 erit.
1006 3166 1045 3237 Si
1071 3167 1249 3259 perfectus
1275 3191 1345 3236 non
1372 3170 1449 3250 erit,
1467 3192 1538 3237 non

493 3284 539 3352 de
564 3286 640 3374 ipso
657 3284 744 3353 dicit
761 3281 967 3375 Apostolus.
1020 3282 1125 3366 Quod
1151 3283 1179 3352 si
1206 3305 1276 3352 non
1295 3283 1339 3353 de
1359 3285 1436 3376 ipso
1452 3285 1539 3355 dicit

494 3398 696 3489 Apostolus,
717 3400 785 3468 iste
810 3407 930 3468 eutem
962 3399 1005 3468 de
1031 3421 1069 3468 se
1094 3398 1230 3467 dictum
1256 3421 1333 3468 esse
1356 3402 1538 3484 mentitur,

492 3514 799 3605 pseudoprophete
815 3514 939 3604 utique
950 3513 1165 3603 judicandus
1182 3522 1246 3582 est.
1281 3513 1353 3583 Sed
1372 3523 1409 3584 et
1426 3516 1540 3586 multe

492 3628 561 3698 elia
578 3630 702 3698 horum
721 3627 848 3697 similia
865 3627 933 3696 dici
960 3636 1118 3719 possunt,
1135 3650 1212 3719 quae
1235 3628 1263 3696 si
1287 3629 1406 3698 omnia
1423 3653 1539 3721 perse-

493 3747 552 3835 qui
584 3744 744 3826 velimus,
770 3743 907 3813 nullum
938 3743 1041 3813 nobis
1076 3753 1217 3835 tempus
1250 3743 1295 3812 ad
1330 3745 1448 3813 omnia
1477 3767 1539 3813 ex-

493 3859 622 3951 plenda
638 3859 799 3928 sufficiet.
845 3858 952 3928 Unde
969 3858 1149 3928 abundare
1166 3859 1366 3929 existimavi
1385 3860 1429 3929 de
1447 3858 1539 3928 mul·

492 3977 538 4045 tis
574 3998 683 4067 peuce
717 3975 858 4055 dixisse,
893 3973 1045 4065 reliquas
1074 3984 1192 4066 partes
1226 3984 1399 4045 tractatus
1433 3975 1537 4066 hujus

491 4092 619 4182 exequi
640 4089 838 4159 volentibus
856 4088 1113 4181 derelinquens.

532 4365 539 4394 ¹
563 4359 607 4414 lta
622 4357 747 4431 Vulgata
763 4359 848 4431 juxta
868 4375 995 4430 graecum
1016 4365 1135 4418 textum.
1151 4355 1310 4429 Cyprianus
1325 4354 1374 4410 lib.
1390 4353 1426 4410 dc
1440 4353 1536 4428 Opere

490 4465 519 4512 et
530 4454 725 4528 Eleemosynis
739 4454 850 4527 aliique.
886 4453 1049 4510 Cesiucnsis
1063 4462 1158 4509 tumen
1173 4452 1268 4516 habet,
1284 4454 1311 4507 in
1326 4470 1469 4508 turturem.

695 4622 701 4644 ¹
717 4615 791 4671 Mat.
806 4634 873 4671 xxv.
885 4633 938 4687 44.
1102 4622 1109 4645 ¹
1126 4614 1195 4671 Luc.
1212 4614 1270 4670 xiii.
1285 4628 1333 4687 27.
