3817 5692
512 704 554 767 70
732 699 986 763 ARCHELAI
1019 699 1082 761 ΕΤ
1114 698 1335 762 MANETIS

509 871 619 965 τολῆς
650 868 739 967 με’ρη
772 866 912 970 ἔλαχεν,
940 868 960 944 ὁ
993 864 1030 944 δὲ
1063 870 1198 963 θωμᾶε
1231 864 1297 963 τὴν
1330 865 1455 967 Σύρων
1486 872 1557 965 γῆν

509 988 740 1092 κεκλήρωται,
771 992 937 1091 Ἑρμείας
971 988 1008 1068 δὲ
1039 989 1157 1072 ἄλλος
1193 988 1259 1087 τὴν
1290 995 1338 1073 είς
1373 990 1557 1091 Αἴγεστον

508 1117 654 1218 πορείαν
681 1116 886 1214 ἐποιήσατο.
925 1119 984 1193 καὶ
1012 1115 1116 1218 μέχρι
1145 1114 1306 1216 σήμερον
1334 1119 1448 1195 ἐκεῖσε
1475 1122 1552 1197 δια·

509 1244 687 1343 τρίβουσι,
720 1239 785 1338 τὴν
817 1248 881 1319 τοῦ
909 1238 1088 1341 δόγματος
1120 1239 1292 1319 ὑπόθεσιν
1324 1247 1464 1341 στῆσαι
1496 1243 1554 1321 θέ·

510 1379 644 1451 λοντες.

511 1593 565 1649 tus
597 1595 645 1649 est
676 1584 836 1657 Orientis;
874 1583 1015 1647 Thomas
1055 1605 1117 1667 quc
1146 1583 1178 1644 in
1203 1582 1400 1655 hodiernum,
1431 1582 1473 1646 ibi
1505 1583 1557 1645 de-

511 1692 586 1733 voro
609 1669 761 1752 Syrorum
784 1675 888 1733 terras
911 1690 1014 1732 susce·
1054 1675 1146 1751 gunt,
1162 1667 1320 1751 dogmatis
1334 1668 1429 1753 hujus
1450 1668 1557 1751 gratia

512 1756 583 1839 pit;
612 1754 751 1818 Hermas
781 1775 855 1817 vcro
881 1753 923 1816 ad
954 1754 1014 1815 AE·
1055 1752 1259 1836 praedicandi.

510 1847 647 1926 gyptum
661 1839 822 1924 profectus
839 1845 900 1915 ost,
916 1846 950 1902 et
964 1859 1014 1901 us-

561 2026 645 2097 XII.
673 2026 784 2096 zHaec
811 2049 894 2096 cum
919 2026 1039 2095 Turbo
1062 2028 1218 2107 dixisset,
1247 2026 1478 2095 vehementer
1500 2048 1558 2094 ac-

512 2143 728 2214 cendebatur
758 2141 972 2222 Archelaus;
1008 2140 1204 2211 Marcellus
1232 2163 1315 2210 vero
1341 2163 1411 2209 non
1437 2162 1557 2209 move·

512 2260 627 2339 batur,
646 2256 765 2326 Deum
783 2264 985 2348 expectans,
1003 2255 1195 2324 ‘auxilium
1215 2255 1353 2325 veritati
1372 2278 1443 2325 suae
1461 2256 1557 2324 firtu-

512 2397 614 2443 rum:
652 2371 827 2441 Archelao
853 2378 974 2440 autom
1002 2378 1077 2439 erat
1105 2392 1189 2439 cura
1219 2393 1282 2461 pro
1312 2370 1451 2462 populo,
1479 2379 1557 2439 tan-

513 2511 619 2581 quam
636 2488 766 2580 pastori
789 2510 851 2578 pro
870 2486 1004 2567 ovibus,
1022 2508 1104 2554 oum
1128 2485 1292 2577 luporum
1313 2495 1480 2576 parantur
1504 2487 1558 2554 in-

512 2604 619 2673 sidiae.
671 2601 786 2693 Igitur
812 2600 1004 2671 Marcellus
1024 2601 1227 2670 Turbonem
1249 2601 1453 2670 muneribus
1478 2600 1557 2691 plu·

512 2717 610 2787 rimis
644 2712 827 2808 breplevit
862 2723 900 2784 et
929 2715 966 2782 in
1001 2713 1165 2784 Archelai
1206 2716 1379 2806 ⁰opisoopi
1411 2717 1556 2785 domum

512 2831 665 2902 residere
690 2830 867 2921 praecepit.
920 2825 1055 2897 Eadem
1087 2840 1207 2898 autem
1238 2830 1313 2919 ipsa
1340 2828 1398 2897 die
1427 2830 1557 2897 adven-

513 2947 601 3015 tavit
632 2944 769 3024 Maues,
799 2944 978 3012 adducens
1004 2966 1124 3014 secum
1149 2946 1308 3035 juvenes,
1337 2952 1374 3013 et
1405 2944 1556 3036 virgines

512 3057 645 3127 electos
675 3053 739 3126 dad
769 3058 894 3151 viginti
923 3058 994 3126 duo
1023 3057 1149 3141 simul;
1188 3067 1225 3127 et
1254 3059 1367 3149 primo
1397 3057 1555 3126 omnium

511 3171 713 3241 Turbonem
744 3172 964 3263 ‘requirebat
994 3196 1057 3264 pro
1086 3173 1219 3243 foribus
1246 3172 1417 3251 Marcelli,
1449 3194 1555 3263 quem

512 3310 594 3357 cum
615 3311 686 3357 non
709 3288 909 3366 invenisset,
930 3288 975 3356 ad
1003 3286 1216 3357 Marcellum
1241 3289 1440 3381 ingreditur
1464 3287 1556 3357 salu·

511 3404 669 3473 tandum.
722 3402 803 3485 Quo
820 3401 880 3471 ille
898 3404 981 3482 viso,
1000 3402 1193 3471 admiratus
1210 3412 1264 3472 est
1282 3403 1395 3494 primo
1411 3402 1554 3472 habitus

509 3517 737 3597 indumenta3
764 3517 917 3587 habebat
943 3518 1039 3586 enim
1065 3517 1296 3587 calceamenti
1319 3542 1441 3610 genus,
1459 3519 1552 3610 quod

510 3626 723 3721 ‘quadrisole
757 3631 864 3724 vulgo
897 3630 1065 3724 appellari
1100 3632 1211 3713 solet3
1250 3633 1396 3724 pallium
1429 3641 1552 3701 autem

509 3746 655 3826 varium,
674 3756 843 3837 tauquam
870 3750 1016 3817 asenna
1036 3750 1172 3841 specim
1199 3749 1234 3816 iu
1261 3770 1369 3818 manu
1391 3770 1474 3816 vero
1496 3769 1555 3815 va-

548 4029 562 4059 Ζ
577 4017 743 4092 Hucusque
758 4019 942 4093 Epiphanius.
1068 4031 1082 4061 ¹¹
1097 4021 1196 4077 Codex
1215 4020 1371 4083 bobiensis,
1386 4019 1498 4075 curilis.

547 4109 563 4154 b
578 4113 678 4171 Codex
688 4116 845 4180 Bobiensis,
854 4118 972 4173 donauit.
1029 4128 1041 4156 ⁰
1055 4118 1132 4184 Vox,
1142 4119 1269 4193 episcopi,
1281 4117 1361 4174 deest
1370 4118 1398 4173 in
1411 4115 1552 4173 Bobiensi.

548 4205 563 4251 ὖ
577 4210 676 4267 Codex
690 4212 848 4278 Bobiensis‚
864 4216 901 4269 cd
913 4215 1059 4270 dstodccim.
1113 4224 1125 4255 θ
1141 4215 1240 4271 Codex
1256 4214 1413 4278 Bobiensis,
1428 4212 1552 4288 requirit.

547 4303 559 4347 f
578 4307 677 4363 Codex
699 4308 855 4374 Bobiensis,
878 4311 1021 4366 tricollem.
1058 4311 1157 4367 Persas
1175 4312 1239 4367 altis
1262 4311 1362 4367 calceis
1379 4329 1447 4366 usos
1467 4309 1553 4365 fuisse

506 4403 545 4459 ait
560 4401 664 4459 Strabo
678 4403 727 4459 lib.
745 4419 788 4480 15.
1591 4382 1598 4392 “

546 4496 659 4554 &Mire
681 4511 829 4575 corruptus
852 4512 895 4558 est
915 4503 962 4559 hic
990 4503 1061 4559 Bob.
1085 4503 1147 4560 cod.
1172 4504 1243 4577 legit
1264 4503 1348 4567 enim,
1370 4510 1419 4558 οὲν
1439 4500 1555 4575 §auspici

506 4595 582 4648 enim.
618 4595 721 4651 Munus
734 4616 806 4653 vero.
