3817 5692
728 711 1041 774 DISPUTATIO.
1365 711 1408 777 95

361 906 483 954 omues
500 884 623 953 mundi
641 893 759 976 partes
776 877 848 953 ken
867 906 966 974 aeqno
984 891 1022 953 et
1041 884 1151 975 justo,
1170 882 1253 953 solis
1270 882 1408 976 fulgore

359 1000 588 1069 luminantur.
641 999 679 1069 Si
706 1022 800 1092 ergo,
818 1007 860 1068 ut
885 1001 1045 1091 superius
1071 999 1234 1080 diximus,
1253 998 1408 1068 occidua

360 1114 472 1209 plagae
497 1138 575 1208 pars
601 1115 780 1186 auferatur
797 1137 818 1183 e
835 1115 963 1197 medio,
980 1114 1076 1184 ultra
1093 1117 1170 1206 jam
1192 1137 1263 1183 non
1285 1114 1410 1184 obscu-

358 1231 495 1301 rabitur
519 1253 607 1323 pars,
625 1253 703 1321 qnae
728 1232 761 1300 ei
787 1230 936 1321 adjacet.
988 1228 1037 1299 Et
1055 1229 1133 1300 haec
1151 1230 1294 1320 quidem
1320 1228 1408 1297 mibi

359 1344 553 1436 simplicius
570 1345 666 1414 dicta
682 1344 762 1425 sint,
780 1366 862 1413 cum
888 1344 1019 1435 possim
1041 1352 1078 1412 et
1095 1343 1280 1413 zodiacum
1298 1342 1410 1411 circu-

359 1460 435 1530 lum
453 1460 670 1541 describere;
695 1454 777 1529 lsed
796 1480 866 1527 non
885 1460 975 1528 intui
1000 1482 1094 1529 nnnc
1111 1459 1187 1527 fieri
1204 1466 1302 1527 ratus
1320 1480 1408 1538 sum,

361 1574 615 1669 propterquod
641 1575 685 1644 de
710 1575 765 1645 bis
791 1574 914 1656 silebo,
933 1575 1032 1644 etad
1059 1574 1148 1643 illud
1165 1581 1273 1667 caput
1290 1594 1408 1642 recur-

360 1712 445 1769 ram,
463 1673 557 1780 quod
575 1689 705 1781 objecit
727 1689 959 1771 adversarius,
976 1688 1152 1759 affirmans
1168 1688 1295 1757 momni
1320 1688 1408 1768 nisu,

360 1804 524 1875 tenebras
558 1828 633 1875 esse
667 1806 851 1898 ingenitas,
881 1806 976 1895 qnod
1009 1813 1048 1874 et
1081 1806 1207 1897 ipsum,
1235 1809 1409 1894 quantum

361 1918 543 2001 valuimus,
557 1921 635 2012 jam
651 1919 876 1990 confutatum
893 1928 959 1990 est.

409 2031 551 2103 XXIII.
576 2031 733 2104 Junrcss
760 2052 962 2114 nrxnnunn
991 2032 1029 2103 Si
1060 2035 1321 2109 consideremus
1355 2039 1410 2110 lu-

361 2172 439 2219 cem
465 2149 573 2220 fuisse
603 2158 686 2218 ante
714 2149 955 2218 conditionem
981 2159 1229 2233 creaturarum,
1256 2163 1293 2224 et
1321 2154 1408 2224 nihil

361 2263 467 2333 fuisse
485 2264 674 2353 objectum,
693 2262 787 2353 quod
814 2285 860 2332 ex
884 2284 921 2332 se
946 2263 1109 2333 umbram
1135 2279 1329 2358 generaret,
1349 2291 1409 2338 ne-

348 2375 458 2449 ‘cease
475 2386 529 2448 est
547 2377 661 2447 lucem
682 2378 813 2468 ubique
830 2376 939 2447 fuisse
956 2377 1127 2461 diffusam,
1142 2392 1179 2451 et
1196 2385 1314 2453 omnia
1332 2384 1410 2454 loca

363 2493 499 2586 fulgore
525 2491 612 2562 lucis
637 2491 847 2573 illuminata,
870 2493 963 2562 sicut
989 2503 1168 2564 ostensum
1195 2506 1250 2567 est
1275 2521 1320 2567 ex
1344 2499 1408 2580 his,

362 2632 438 2699 quae
463 2632 485 2679 a
510 2617 547 2678 te
575 2630 689 2699 nuper
718 2608 813 2677 dicta
843 2616 934 2689 sunt,
966 2609 1003 2676 in
1033 2608 1160 2699 quibus
1187 2633 1305 2681 voram
1334 2635 1410 2683 esse

362 2724 535 2795 rationem
570 2724 739 2806 videntes,
775 2723 900 2793 damus
942 2721 1095 2814 p'almam
1139 2725 1409 2817 allegationibus

364 2836 538 2909 Archelai.
590 2838 629 2909 Si
663 2838 758 2908 enim
793 2837 1001 2909 divisionem
1043 2840 1194 2931 accipiat
1227 2842 1410 2912 universus

364 2954 526 3036 mundus,
546 2952 655 3024 veluti
673 2975 775 3023 muro
792 2953 946 3044 quodam
972 2975 1036 3045 per
1051 2954 1209 3023 medium
1227 2955 1410 3037 instructo,

364 3078 401 3139 et
424 3092 470 3139 ex
492 3091 564 3139 una
588 3078 688 3161 parte
710 3068 872 3138 habitent
898 3067 1061 3148 tenebrae,
1078 3090 1123 3138 ex
1150 3069 1219 3139 alia
1236 3092 1319 3140 vero
1336 3070 1411 3155 lux,

364 3184 574 3277 intelligitur
589 3184 828 3264 nihilominus,
845 3184 930 3273 quia
947 3205 994 3253 ex
1011 3206 1063 3264 eo,
1083 3184 1176 3274 quod
1199 3184 1412 3255 instructum

365 3309 419 3370 est
444 3300 645 3381 aedificium,
674 3298 800 3368 umbra
823 3307 1000 3390 generata,
1026 3298 1217 3368 acciderint
1243 3300 1412 3369 tenebrae.

367 3414 414 3485 Et
444 3437 580 3486 rursum
608 3414 709 3485 nobis
733 3414 959 3506 quaerendum
990 3421 1054 3493 est,
1085 3414 1163 3503 quis
1188 3414 1413 3486 aedificaverit

364 3551 506 3599 murum
527 3531 563 3598 in
588 3528 708 3597 medio
726 3527 887 3608 duorum,
906 3527 935 3596 si
953 3534 1073 3596 tamen
1096 3528 1306 3597 aedificatum
1326 3528 1415 3599 fate·

366 3643 422 3727 ris,
453 3667 474 3712 ο
505 3642 716 3712 Manichaee.
769 3641 809 3711 Si
838 3663 922 3711 vero
949 3641 1011 3711 illa
1044 3643 1134 3711 ratio
1162 3643 1413 3726 consideretur,

367 3759 463 3850 quasi
490 3781 611 3828 murus
636 3779 708 3827 non
738 3756 785 3825 sit
811 3756 1015 3837 instructus,
1046 3778 1164 3826 rursus
1195 3757 1270 3826 sine
1297 3756 1416 3849 aliqua

367 3875 577 3966 exceptione
594 3894 685 3942 unus
702 3893 778 3941 esse
803 3871 986 3941 universus
1011 3870 1223 3963 intelligitur
1249 3871 1355 3954 locus,
1373 3896 1414 3943 ac

407 4095 423 4139 ¹
439 4097 473 4154 In
484 4096 581 4154 codice
593 4094 741 4154 Catinensi
755 4094 870 4170 legitur,
886 4114 919 4151 ee
930 4114 963 4151 ea
976 4114 1036 4170 quo.
1057 4103 1087 4152 et
1100 4114 1168 4151 mox
1174 4093 1300 4170 sulpure.

408 4191 415 4238 ¹
437 4195 532 4253 locus
546 4193 693 4251 manifeste
707 4202 865 4267 corruptus.
886 4194 966 4267 cujus
981 4192 1050 4249 mibi
1066 4192 1228 4250 emendatio
1242 4209 1300 4248 non
1314 4209 1412 4248 occur-

366 4292 414 4348 rit.
451 4293 510 4364 (An
525 4290 677 4364 reponend.
692 4290 766 4345 istud
778 4308 830 4362 pro
845 4290 950 4359 intui?)

408 4400 432 4431 ¹⁰
454 4388 488 4445 In
503 4386 651 4445 Catinensi
671 4395 741 4449 erat,
756 4388 827 4442 omni
847 4388 910 4443 nisi.
933 4386 984 4442 sed
1004 4385 1168 4461 legendum,
1183 4389 1255 4441 omni
1274 4386 1344 4447 niam
1360 4385 1414 4440 hoc

368 4496 422 4552 eet.
437 4487 514 4544 omni
528 4495 649 4550 conatu;
670 4484 792 4542 formula
805 4484 916 4541 dicendi
936 4483 1003 4541 huic
1023 4483 1172 4559 interpreti
1191 4482 1305 4538 usitata.
1342 4480 1415 4536 Vide

368 4604 430 4661 cop.
447 4602 497 4656 40.
512 4591 541 4641 et
554 4583 710 4658 presertim
725 4600 786 4656 cap.
796 4600 847 4655 47.
