3817 5692
667 1652 1108 1759 ANONYMI

769 1921 1014 2002 maan

399 2154 538 2274 'DE
590 2152 1365 2274 REBAPTISMATE.

750 2433 1031 2476 4.-

411 2634 509 2709 'Non
525 2634 643 2709 dedere
659 2634 770 2707 donno
787 2634 961 2730 baptizari
978 2635 1040 2728 qui
1055 2632 1159 2706 cnoel
1173 2635 1211 2705 io
1228 2636 1367 2707 nomine

512 2752 663 2824 Domini
679 2751 791 2824 nostri
805 2750 895 2823 Jeau
915 2748 1051 2825 Christi
1066 2751 1137 2821 aiot
1153 2751 1262 2822 tincti.

419 2893 449 2965 I.
481 2887 876 2963 ANIMADVERTO
915 2890 1106 2983 quaesitum
1144 2891 1238 2983 apud
1277 2890 1413 2976 fratres,

363 3009 449 3100 quid
478 3009 597 3100 potius
627 3005 804 3076 observari
834 3013 976 3098 oportet
1005 3005 1042 3075 in
1069 3028 1254 3098 personam
1279 3028 1413 3089 eorum,

362 3127 423 3217 qui
446 3126 483 3194 in
505 3122 626 3193 haeresi
645 3122 799 3213 quidem,
817 3122 879 3192 sed
897 3121 933 3190 in
950 3121 1094 3190 nomine
1111 3120 1181 3190 Dei
1198 3121 1307 3190 nostri
1324 3117 1412 3190 Jesu

363 3237 503 3319 Christi,
521 3239 593 3308 sint
610 3237 726 3317 tincti,
742 3235 971 3329 postmodum
994 3235 1078 3305 inde
1101 3235 1255 3328 digressi,
1274 3244 1313 3305 et
1331 3257 1413 3327 sup-

362 3351 503 3443 pliciter
518 3353 563 3422 ad
583 3350 779 3422 Ecclesiam
794 3350 863 3421 Dei
881 3349 1098 3433 advolantes,
1112 3350 1197 3420 totis
1213 3349 1412 3441 praecordiis

361 3468 607 3560 poenitentiam
642 3478 798 3559 agerent,
829 3474 867 3536 et
900 3467 1027 3536 erroris
1060 3466 1113 3536 sui
1148 3466 1412 3536 damnationem

361 3608 455 3654 nunc
486 3584 630 3654 demum
661 3581 913 3676 intelligentes,
940 3581 1113 3652 auxilium
1142 3581 1265 3652 salutis
1294 3582 1340 3652 ab
1369 3605 1412 3654 ea

361 3699 612 3792 implorarent3
647 3705 769 3768 utrum
802 3697 1044 3769 vetustissima
1078 3696 1336 3768 consuetudine
1369 3721 1411 3768 ac

360 3811 551 3880 traditione
576 3810 824 3893 ecclesiastica,
847 3818 927 3902 post
947 3809 1078 3894 'illum
1103 3812 1197 3903 quod
1225 3811 1308 3882 foris
1333 3812 1412 3904 qui-

361 3925 457 4007 dem,
487 3923 549 3994 sed
580 3924 617 3993 in
647 3924 792 3994 nomine
819 3924 909 3996 Jesu
939 3925 1072 3995 Christi
1100 3925 1266 3996 ⁴Domini
1299 3927 1411 3996 nostri

402 4088 485 4144 'DE
514 4087 833 4164 nanPHSMA'rn]
864 4090 1045 4149 Retinuimus
1071 4092 1294 4170 inscriptionem,
1326 4113 1412 4169 quam

360 4184 476 4260 praeiert
488 4193 571 4243 vetus
585 4186 677 4243 codex
692 4186 878 4260 (Remensis).
921 4189 961 4247 Et
974 4188 1004 4246 in
1018 4189 1096 4247 calce
1109 4187 1191 4248 vetus
1210 4191 1299 4249 codex
1313 4191 1411 4261 habet,

362 4281 467 4340 Coecilii
484 4282 618 4360 Cypriani
624 4284 720 4359 finivit
733 4284 767 4341 dc
779 4285 978 4362 rebaptismate.
999 4286 1166 4345 Boionius.

402 4379 411 4404 '
431 4379 498 4437 Noc
511 4380 738 4456 debere—tincti]
754 4381 804 4441 Sic
817 4382 942 4460 incipere
956 4383 1084 4443 codicem
1099 4384 1140 4442 ait
1154 4383 1304 4461 Rignltiua

400 4476 410 4508 ⁸
431 4476 525 4552 illum]
544 4477 613 4536 Cor.
628 4479 707 4537 illud.

399 4580 410 4609 ⁴
430 4573 547 4632 Domini
571 4576 676 4652 nostri]
705 4575 739 4633 In
763 4578 853 4635 veteri
876 4579 950 4636 libro
978 4580 1114 4656 seriptum
1138 4588 1183 4637 est
1205 4578 1319 4637 Domini
1345 4601 1409 4642 nou.

359 4669 446 4738 Quod
469 4671 510 4729 ita
533 4673 734 4748 corrigendum
758 4693 822 4734 esse
849 4676 959 4734 censuit
983 4675 1152 4735 sirmondus
1180 4686 1212 4735 ut
1235 4677 1410 4737 Dominicum

841 4790 931 4856 rpn
