3817 5692
512 691 557 751 20
883 686 1188 751 ARCHELAUS.

508 866 542 922 et
558 860 770 922 Assemanum
781 859 908 938 (Assem.
925 856 945 919 l.
958 861 1021 939 c.);
1038 855 1091 919 ubi
1103 855 1242 938 jubetur,
1258 862 1291 916 ut
1305 852 1410 917 stetim
1424 850 1463 916 ab
1474 850 1555 916 abac

508 958 658 1035 catholici,
681 960 822 1022 mittetur
840 958 885 1023 ad
902 960 1071 1043 spheopam
1089 955 1273 1032 Gnsclnnsi
1295 955 1329 1018 ic
1351 954 1429 1018 vich
1450 964 1500 1031 ast,
1521 965 1555 1019 ut

501 1069 573 1144 pote
576 1059 750 1144 princepae
751 1059 980 1142 primarium
982 1058 1145 1143 praestem
1146 1056 1373 1141 patriarchalis
1373 1055 1554 1140 prosim,

507 1163 560 1245 qai
576 1161 728 1226 denarum
747 1160 938 1247 patriarche
957 1169 1043 1235 tecet,
1058 1169 1208 1244 masque
1224 1158 1311 1223 tatus
1326 1159 1407 1222 udis
1427 1167 1470 1221 est
1484 1168 1555 1242 post

506 1266 570 1348 ejus
583 1262 704 1328 obitam.
749 1264 841 1343 Quod
862 1263 1010 1327 nimirum
1030 1261 1257 1346 accipiendum,
1272 1282 1312 1325 ex
1332 1282 1395 1344 quo
1414 1260 1555 1326 caschar

506 1367 566 1428 sub
590 1367 710 1450 Sapore
732 1386 806 1449 rege
831 1365 863 1427 in
891 1366 1063 1429 Persarum
1088 1370 1282 1448 potestatem
1306 1361 1401 1427 venit.
1445 1361 1554 1426 Probo

506 1467 590 1530 enim
604 1467 781 1551 imperante
794 1466 948 1530 Romanas
963 1465 1093 1529 ditionis
1107 1474 1189 1542 erat,
1205 1486 1268 1548 quo
1283 1473 1425 1548 tempore
1437 1463 1554 1528 Manes

506 1591 524 1631 e
540 1568 680 1633 Persidis
693 1567 808 1632 linibus
822 1568 954 1652 fugiens,
971 1568 1003 1630 in
1020 1567 1253 1632 Cascharorum
1269 1588 1352 1650 pago
1367 1587 1460 1649 quem
1476 1564 1553 1629 Dio·

505 1669 647 1732 doridem
662 1667 866 1752 appellabant
877 1667 1014 1749 (Arctet.
1026 1670 1102 1731 Act.
1114 1689 1183 1751 cap.
1196 1666 1332 1749 xxxin),
1348 1687 1551 1750 congressum

504 1770 590 1833 illum
606 1771 646 1834 de
667 1769 817 1854 religione
836 1770 949 1833 habuit
965 1791 1036 1833 cnm
1059 1769 1228 1833 Archelao
1274 1768 1357 1832 Haec
1377 1767 1474 1831 terme
1490 1767 1551 1831 Ie-

504 1891 658 1953 quremus.
1115 1917 1117 1922 -

547 1970 649 2034 Porro
664 1971 807 2033 eamdem
823 1971 1014 2034 sententiam
1030 1971 1070 2034 de
1085 1971 1292 2035 Gaacharensi
1310 1970 1460 2035 Archelai
1476 1970 1551 2033 sede

504 2072 647 2157 pluribus
672 2093 773 2155 nuper
798 2072 1016 2156 comprobavit
1042 2074 1080 2135 V.
1101 2073 1138 2137 G.
1165 2073 1366 2157 Augustinus
1388 2072 1550 2138 Antonius

504 2174 662 2257 Georgius
684 2173 829 2237 Eremita
846 2173 1100 2259 Augustinianus
1119 2177 1152 2237 in
1167 2174 1334 2258 praestanti
1354 2196 1450 2259 opere
1464 2174 1550 2258 qued

502 2273 705 2360 Aphobetum
723 2273 899 2339 Tttaaaom
913 2276 1093 2361 inscripsit3
1108 2277 1163 2339 nbi
1177 2276 1284 2353 etiam,
1297 2277 1380 2360 quod
1396 2276 1441 2339 rei
1453 2284 1550 2359 caput

503 2385 563 2453 eet,
575 2379 734 2441 Actorum
744 2378 885 2462 ejusdem
897 2377 1046 2441 Archelai
1058 2378 1273 2442 sinceritatem
1284 2379 1435 2442 adversus
1447 2377 1548 2442 Bean-

505 2478 645 2542 sebrium
667 2479 841 2543 luculenter
863 2480 966 2556 evicit,
986 2501 1077 2544 suam
1099 2480 1149 2543 his
1175 2480 1278 2544 verbis
1299 2479 1549 2561 disputationem

502 2581 691 2646 concludens
718 2581 840 2664 (Georp.
867 2580 1008 2664 Alphab.
1040 2581 1144 2645 Tibet.
1171 2602 1243 2666 pag.
1258 2583 1333 2666 363.
1356 2580 1431 2644 edit.
1456 2580 1549 2642 Rom.

505 2685 597 2763 1762.
613 2686 680 2764 4.):
708 2683 870 2746 Tanaumcc
885 2682 1033 2745 Cascnru
1047 2682 1081 2744 iu
1096 2684 1314 2768 Mesopotamia
1330 2682 1499 2766 Katlujoe:
1521 2691 1550 2745 et

501 2803 562 2846 ecee
580 2782 742 2860 mucelam,
758 2784 831 2846 dnm
851 2783 934 2846 detta
947 2783 1027 2865 fidei
1044 2805 1156 2847 memor
1172 2806 1229 2848 osse
1245 2784 1316 2848 colit
1334 2782 1548 2860 Bcausobrs‘us,

500 2906 557 2970 quo
571 2895 652 2949 crete
665 2886 882 2969 castricense·
894 2885 940 2948 od
952 2889 1035 2949 Aeta
1054 2887 1152 2950 macti
1165 2886 1296 2971 opahcopi
1312 2886 1458 2949 Archelm'
1471 2896 1549 2950 taat-

500 3008 592 3071 quam
614 2988 747 3070 pretione
775 2987 960 3050 Chrestinam
987 2988 1183 3071 antiquitatis
1206 2998 1394 3052 nucamenta
1419 2987 1548 3071 amplec-

500 3088 591 3153 tende
603 3114 614 3161 ,·
639 3110 705 3171 qaoe
727 3099 825 3152 tamea
841 3088 953 3172 paullo
974 3099 1044 3153 enta
1065 3088 1227 3153 lamuhel.
1274 3090 1430 3153 Nimirum
1449 3091 1492 3153 ad
1509 3110 1549 3154 ea

500 3189 630 3269 respicit
641 3199 762 3266 auctor,
775 3211 845 3274 quae
860 3190 959 3253 habet
971 3190 1183 3255 Beausobrius
1198 3192 1230 3254 iu
1244 3192 1312 3254 lraec
1327 3192 1422 3255 verba
1432 3192 1547 3274 (Boea

499 3288 575 3353 sotr.
599 3289 688 3353 Hist.
710 3291 750 3353 de
773 3291 915 3355 Manich.
937 3299 971 3356 et
993 3293 1036 3355 du
1059 3294 1201 3356 Manich.
1222 3294 1336 3357 tomi.
1361 3316 1454 3378 pagg.
1475 3313 1546 3376 191,

503 3394 609 3473 192.):
633 3399 652 3428 “
665 3393 688 3454 J
692 3392 732 3455 ’ai
754 3392 825 3456 bien
843 3396 961 3477 prouve'
977 3416 1039 3478 que
1059 3394 1090 3458 la
1105 3395 1231 3479 disputa
1250 3393 1300 3458 n’a
1321 3395 1411 3479 point
1431 3397 1485 3458 e'te
1506 3416 1547 3457 en

502 3500 524 3530 “
541 3492 787 3580 Mesopotamia.
832 3495 920 3560 Mais
943 3496 969 3559 si
997 3519 1076 3561 nous
1101 3497 1133 3560 la
1156 3497 1287 3584 placens
1311 3498 1391 3561 daus
1416 3497 1444 3559 le
1467 3496 1547 3561 Tur-

501 3599 520 3630 “
536 3603 681 3678 quastan,
705 3597 763 3661 elle
785 3619 903 3681 peurra
926 3620 961 3662 se
984 3599 1135 3662 seutenir.
1182 3600 1270 3662 C'est
1294 3599 1324 3662 la
1349 3621 1410 3682 qne
1435 3598 1547 3662 l'hers-

500 3702 520 3731 “
537 3696 665 3781 siarque
690 3721 724 3761 sa
751 3699 859 3775 retire‚
884 3698 972 3763 selon
995 3700 1041 3763 les
1066 3700 1263 3778 Orientaux;
1302 3701 1378 3785 qu’il
1401 3723 1422 3785 y
1441 3722 1462 3764 a
1485 3723 1547 3764 una

501 3803 520 3833 ‘⁴
537 3798 658 3861 Cascar
685 3798 739 3882 qui
765 3801 845 3864 u'est
873 3801 964 3885 point
991 3801 1127 3866 senmise
1153 3824 1217 3865 aux
1245 3804 1493 3879 Perses,et0l1
1522 3804 1545 3866 il

500 3905 522 3935 “
538 3920 656 3983 pourra
670 3900 793 3983 plaider
807 3923 843 3966 sa
857 3924 951 3966 cause
966 3924 1005 3966 en
1020 3911 1110 3967 tonte
1125 3907 1242 3968 aurete.
1288 3904 1375 3969 C'est
1391 3904 1422 3967 la
1437 3906 1511 3989 qu'il
1525 3926 1546 3988 y

502 4006 557 4063 “a
577 4001 633 4064 des
653 4001 831 4080 Chretiens,
849 4005 905 4067 des
928 4006 1074 4089 evesques,
1099 4006 1152 4090 qui
1173 4028 1212 4069 ne
1234 4014 1371 4090 pervent
1391 4028 1546 4090 manquer

499 4110 521 4139 ‘⁶
538 4101 577 4165 de
593 4102 720 4166 s'elever
733 4114 844 4168 contre
855 4127 897 4168 un
914 4104 1086 4192 heretiqua
1097 4108 1149 4192 qui
1166 4108 1288 4172 estruit
1298 4108 1344 4172 les
1359 4109 1544 4193 principaux

500 4208 519 4236 “
534 4201 662 4266 articles
677 4203 717 4266 de
732 4204 764 4269 la
778 4205 820 4268 toi
837 4206 1032 4271 Chretienne
1037 4256 1114 4272 ......
1132 4209 1175 4273 Je
1190 4212 1243 4291 n’y
1258 4209 1345 4274 avois
1365 4231 1423 4293 pas
1437 4212 1544 4293 ponet.

499 4311 520 4343 “
539 4302 568 4367 Il
583 4304 653 4368 faut
668 4306 803 4370 retablir
818 4316 903 4371 cette
918 4308 1054 4392 disputa,
1071 4331 1131 4393 que
1145 4311 1199 4393 j'ai
1216 4317 1289 4374 tant
1309 4316 1469 4396 attaque'e.
1517 4310 1545 4373 ll

498 4412 518 4439 ‘⁴
534 4406 585 4488 n'y
599 4428 618 4468 a
633 4409 706 4490 qu'a
721 4406 753 4470 la
768 4407 839 4471 bien
860 4408 966 4492 placer
979 4457 1057 4472 ......
1078 4411 1232 4474 Dounons
1246 4433 1289 4474 au
1303 4411 1423 4482 lectenr
1434 4411 1545 4475 l’e‘difi-

498 4512 519 4541 “
535 4505 642 4569 cation
663 4508 702 4570 ds
731 4508 806 4583 seir,
824 4510 938 4592 qu'nne
957 4510 1088 4574 histoire
1108 4512 1134 4575 si
1153 4513 1305 4578 ancienne
1325 4521 1375 4578 est
1394 4514 1546 4578 ve'ritable

495 4610 516 4641 “
532 4607 613 4672 dans
628 4607 657 4670 le
672 4608 778 4671 soud.’'
822 4609 972 4675 (laterum
988 4635 1025 4676 eo
1041 4612 1111 4696 ipso
1128 4636 1212 4679 anno
1228 4637 1291 4699 quo
1306 4616 1412 4700 prodit
1426 4616 1545 4701 Alpha-
