3817 5692
553 664 617 726 222
920 663 951 725 S.
970 662 1219 725 AUGUSTIN
1225 662 1240 723 1

552 832 833 904 enrrcndationem.
872 836 950 924 quis
978 834 1045 903 boc
1071 834 1275 927 negaverit?
1318 832 1367 903 Et
1385 845 1504 905 tamen
1528 859 1599 905 non

552 949 663 1020 solum
696 950 910 1040 quicumque
938 973 958 1017 a
989 949 1118 1019 talibus
1148 951 1244 1018 intus
1274 950 1508 1040 baptizantur,
1537 953 1598 1020 sed

553 1067 661 1134 etiam
696 1067 756 1156 qui
791 1064 879 1134 tales
914 1088 983 1134 non
1014 1067 1142 1134 mutati
1177 1066 1410 1155 baptizantur,
1440 1068 1599 1155 quamvis

552 1181 667 1251 adbuc
684 1182 930 1273 purgationem
948 1181 1101 1250 debeant
1119 1189 1160 1250 ut
1176 1191 1370 1260 mutentur,
1389 1204 1459 1249 non
1477 1191 1598 1250 tamen

552 1296 704 1387 amplius
726 1319 808 1366 cnm
831 1298 959 1366 mutati
978 1297 1110 1365 fuerint
1133 1296 1366 1387 baptizantur.
1416 1295 1530 1365 Tanta
1547 1297 1599 1363 vis

552 1421 606 1478 est
632 1411 667 1478 in
693 1421 913 1480 sacramento
938 1410 1106 1501 simplicis
1132 1410 1306 1501 baptismi,
1325 1419 1366 1479 nt
1390 1423 1470 1478 cum
1490 1411 1601 1479 fatea-

552 1546 632 1592 mur
660 1524 814 1615 aliquem
840 1526 1059 1617 baptizatum
1090 1535 1127 1595 et
1157 1526 1272 1595 adhuc
1302 1524 1394 1594 male
1418 1516 1597 1594 viventeni

553 1639 682 1708 debere
700 1643 869 1722 mundari,
888 1651 1049 1710 vetemus
1065 1651 1184 1710 tamen
1203 1641 1350 1709 ulterius
1368 1640 1546 1732 baptizari.

603 1753 772 1825 Crescens
789 1779 810 1825 a
827 1755 926 1825 Cirta
951 1757 1061 1825 dixit:
1089 1754 1135 1825 In
1153 1764 1246 1825 tanto
1263 1764 1351 1825 coetu
1369 1756 1599 1825 sanctissimo-

551 1889 630 1935 rum
649 1866 922 1937 consacerdotum
939 1866 1035 1936 lectis
1050 1865 1175 1937 litteris
1193 1867 1369 1962 Cypriani
1386 1867 1600 1939 diiectissimi

553 1983 666 2052 nostri
694 1982 742 2051 ad
765 1981 991 2060 Jubaianum,
1024 1982 1167 2076 itemque
1201 1982 1249 2053 ad
1272 1981 1493 2076 Stephanum,
1521 2007 1599 2077 puoe

554 2106 684 2167 tantum
717 2098 755 2166 in
784 2122 820 2167 se
848 2098 1143 2167 sanctissimorum
1178 2122 1222 2166 ac
1254 2100 1437 2192 scripturis
1469 2099 1598 2192 deificis

553 2208 850 2290 *descendentium
885 2212 1157 2283 testimoniorum
1191 2214 1372 2295 continent,
1407 2224 1444 2283 ut
1477 2216 1599 2284 merito

552 2350 667 2397 omnes
686 2351 752 2421 per
768 2326 839 2398 Dei
857 2329 1009 2424 qratiam
1034 2328 1180 2399 adamati
1196 2332 1385 2401 consenti-re
1401 2329 1597 2400 debeamus:

553 2467 669 2514 aenaeo
692 2467 751 2540 epo
775 2466 888 2514 omnes
913 2440 1091 2514 iaereticos
1116 2445 1186 2514 sire
1210 2444 1453 2529 schismaticos,
1471 2447 1531 2539 qui
1553 2445 1601 2515 ad

531 2555 752 2657 ‚catholicam
776 2558 965 2629 Ecclesiam
995 2560 1111 2630 reriire
1140 2560 1316 2642 ratmot,
1343 2584 1412 2631 uon
1441 2571 1519 2632 ante
1545 2562 1599 2630 iu-

549 2674 652 2770 predi
673 2676 744 2745 nisi
760 2675 950 2745 cuorcizati
967 2684 999 2744 et
1015 2674 1181 2767 baptizati
1191 2675 1355 2770 fuerint;
1381 2677 1528 2770 caceptis
1544 2673 1599 2745 laia

554 2813 636 2859 sane
652 2791 714 2883 qui
736 2792 774 2859 in
791 2788 947 2861 Ecclesia
973 2787 1139 2861 catholica
1153 2790 1295 2884 suerint
1320 2802 1398 2862 ante
1422 2792 1598 2886 baptizati,

554 2905 605 2974 ita
625 2914 735 2975 tamen
762 2915 799 2974 ut
818 2930 885 2998 per·
902 2929 1023 2974 mamm
1041 2906 1289 2998 impositionem
1311 2907 1597 2999 inpoenitentium

553 3018 719 3090 Ecclesica
734 3018 1007 3091 reconcilientur.

605 3134 675 3205 Hic
701 3136 932 3205 admonemur
957 3137 1085 3205 itemm
1112 3159 1282 3226 quaerere,
1300 3160 1362 3206 cur
1382 3139 1520 3219 dixerit,
1538 3160 1599 3205 ea-

553 3252 657 3344 ccptis
682 3249 737 3321 tis
761 3251 926 3344 conequi
949 3251 987 3320 in
1005 3249 1161 3320 Ecclesia
1184 3250 1349 3322 catholica
1362 3252 1505 3346 suo-rint
1521 3262 1600 3322 ante

553 3365 750 3460 baptizati?
788 3366 846 3436 An
868 3369 951 3458 qnia
976 3390 1045 3435 non
1070 3368 1259 3436 amiserant
1277 3369 1370 3458 quod
1390 3370 1484 3438 intus
1501 3391 1600 3438 acce-

553 3482 702 3574 perant?
729 3482 823 3577 Ergo
841 3483 935 3572 quod
953 3482 1083 3552 habere
1102 3482 1184 3551 foris
1201 3491 1374 3574 potemnt,
1393 3507 1456 3552 cur
1471 3506 1543 3551 non
1561 3494 1599 3552 et

553 3597 691 3666 tradere
719 3596 907 3689 poterant?
950 3596 1010 3666 Aa
1041 3596 1165 3667 illicite
1195 3599 1277 3667 foris
1308 3597 1482 3667 tradituri
1525 3597 1597 3667 Sed

552 3735 667 3803 neque
697 3712 794 3782 licite
823 3713 907 3782 foris
937 3712 1097 3794 habetur,
1127 3722 1165 3783 et
1193 3722 1312 3782 tamen
1342 3713 1510 3783 habetur:
1548 3715 1598 3783 sic

552 3826 675 3897 illicite
701 3829 783 3900 foris
809 3830 923 3911 datur,
945 3830 1006 3899 sed
1033 3838 1154 3899 tamen
1181 3830 1294 3898 datur.
1346 3828 1451 3911 Quod
1477 3837 1598 3898 antem

551 3951 737 4032 praestatur
759 3944 921 4013 redeunti
948 3945 1009 4035 qni
1035 3945 1132 4013 intus
1157 3953 1352 4034 acceperat,
1370 3943 1437 4013 hoc
1457 3952 1598 4035 prasta-

554 4067 611 4125 tnr
641 4059 795 4128 venienti
826 4059 886 4149 qui
917 4059 1000 4128 foris
1030 4068 1233 4149 acceperat;
1270 4058 1306 4126 id
1337 4066 1402 4138 est,
1432 4067 1472 4126 nt
1502 4057 1598 4126 licite

592 4283 609 4326 k
634 4287 816 4361 Antiquiores
845 4287 932 4344 MSS.
961 4287 1106 4351 omittunt,
1133 4287 1345 4342 decendentium
1377 4286 1596 4341 testimoniorum.

552 4383 650 4439 Plures
673 4384 719 4439 alii
744 4384 859 4449 habent,
881 4385 1110 4448 testimoniorum
1132 4384 1183 4439 sed
1205 4403 1268 4440 cum
1292 4386 1357 4439 Am.
1380 4394 1409 4439 et
1432 4384 1478 4439 Er.
1500 4393 1598 4438 carent

552 4479 648 4542 verbo,
658 4479 877 4537 descendentium.
901 4479 1060 4553 (Omittunt
1069 4497 1154 4535 voces
1162 4480 1374 4536 descendentium
1385 4479 1596 4535 testimoniorum

552 4573 607 4629 mei
622 4575 756 4645 codices.)
