3817 5692
460 687 524 747 ers
825 651 1145 748 snuous'unu

459 864 523 936 est,
542 867 579 924 et
596 856 709 925 omnis
727 858 891 947 iniquitas
909 856 1135 924 infructuosa.
1188 855 1258 938 Qui
1278 878 1359 924 vero
1377 878 1501 949 equom

459 969 607 1040 alienum
634 969 675 1041 de
690 969 795 1064 fonte
821 980 984 1039 entrance
1010 968 1135 1051 bibunt,
1154 994 1223 1039 non
1248 971 1403 1041 haeretici
1425 982 1502 1041 tan-

459 1097 536 1155 tum
563 1097 657 1168 sunt,
673 1087 735 1156 sed
763 1108 886 1156 omnes
912 1087 974 1177 qui
1002 1108 1072 1154 uon
1094 1088 1217 1154 vivunt
1243 1086 1434 1154 secundum
1460 1109 1503 1156 ea

457 1224 537 1292 quae
556 1203 660 1272 docet
676 1201 785 1282 Deus,
803 1212 841 1271 et
859 1202 984 1270 vivunt
1007 1201 1200 1270 secundum
1224 1224 1267 1270 ea
1291 1223 1371 1291 quae
1397 1202 1503 1270 docet

456 1316 628 1387 diabolus.
681 1317 776 1386 Nam
799 1318 828 1385 si
851 1318 895 1386 de
912 1319 1088 1408 baptismo
1107 1318 1250 1396 diceret,
1269 1339 1338 1384 nou
1357 1318 1501 1399 diceret,

457 1430 529 1502 Nec
545 1429 697 1525 desento
713 1441 875 1502 eetrcueo
892 1430 1038 1509 biberis:
1064 1433 1135 1512 sed,
1154 1432 1199 1500 de
1217 1432 1315 1500 fonte
1332 1442 1502 1501 extraneo

293 1560 527 1625 Jonm.ttr.5.n0n
554 1558 591 1618 te
616 1547 777 1618 ablueris.
828 1547 910 1618 Jam
929 1571 1012 1617 vero
1038 1549 1131 1638 quod
1150 1545 1325 1616 Dominus
1342 1547 1401 1628 ait,
1419 1544 1503 1614 Nisi

457 1665 534 1757 quis
563 1673 702 1733 retatus
720 1662 839 1758 suerit
864 1687 909 1734 eu
938 1686 1028 1756 aquo
1057 1672 1088 1732 ct
1116 1660 1268 1755 Spiritu,
1298 1684 1366 1730 nou
1391 1668 1503 1754 potest

456 1779 604 1849 introire
621 1780 659 1848 in
676 1802 818 1875 reputem
831 1777 913 1861 Dei,
926 1779 1010 1869 quid
1029 1801 1112 1846 eum
1129 1778 1273 1869 adjuret
1290 1777 1333 1845 ad
1352 1777 1386 1844 iu
1405 1776 1502 1866 quod

455 1905 569 1986 putat,
595 1897 738 1964 omnino
766 1918 837 1965 non
861 1897 975 1964 video.
1026 1893 1137 1963 Aliud
1168 1902 1222 1963 est
1249 1896 1356 1977 euim,
1374 1893 1502 1962 Omnis

456 2012 516 2101 qui
543 2012 688 2080 intrabit
714 2013 750 2079 in
774 2034 921 2104 regnum
945 2009 1112 2080 caelorum
1132 2010 1226 2100 prius
1244 2009 1438 2078 renascitur
1454 2029 1502 2076 ex

456 2148 547 2215 aqua
563 2135 600 2196 et
618 2126 762 2218 Spiritu,
781 2129 864 2217 quia
889 2128 954 2195 nisi
981 2134 1123 2195 renatus
1146 2126 1253 2194 fuerit
1278 2147 1323 2193 ex
1350 2146 1441 2214 aqua
1463 2133 1504 2192 et

456 2239 601 2331 Spiritu,
619 2264 690 2310 non
708 2240 853 2311 intrabit
877 2243 913 2310 in
937 2263 1085 2335 regnum
1104 2240 1289 2320 caelorum3
1314 2239 1407 2329 quod
1426 2236 1503 2307 Do-

456 2355 572 2425 minus
598 2356 699 2438 dixit,
717 2366 755 2426 et
773 2379 896 2426 verum
916 2369 990 2427 est:
1018 2356 1113 2425 aliud
1140 2363 1272 2435 autem,
1291 2352 1417 2423 Omnis
1440 2356 1502 2444 qui

457 2471 612 2539 nascitur
628 2494 674 2539 ex
691 2495 782 2562 aqua
798 2482 835 2541 et
853 2471 988 2563 Spiritu
1006 2472 1152 2540 intrabit
1175 2472 1211 2539 iu
1235 2492 1382 2562 regnum
1400 2469 1505 2539 caelo-

292 2592 557 2668 Aonii-urum
583 2588 678 2676 quod
704 2588 829 2678 utique
855 2587 982 2658 falsum
1009 2594 1074 2657 est.
1128 2585 1223 2655 Nam
1242 2594 1280 2654 et
1297 2585 1420 2654 Simon
1440 2584 1504 2654 ille

457 2722 580 2793 magus
606 2709 710 2770 natus
735 2711 811 2770 erat
834 2724 879 2770 ex
903 2725 995 2793 aqua
1017 2711 1054 2770 et
1072 2700 1219 2792 Spiritu,
1237 2708 1275 2768 et
1293 2709 1412 2769 tamen
1429 2721 1502 2768 non

456 2815 600 2883 intravit
634 2816 670 2883 in
704 2838 851 2907 regnum
883 2815 1060 2885 caelorum.
1110 2815 1170 2885 Sic
1200 2815 1276 2885 fieri
1309 2824 1427 2906 potest
1461 2822 1506 2883 ut

456 2928 628 2998 haereticis
644 2931 752 2999 etiam
774 2932 969 3023 contingat.
1021 2930 1097 3000 Aut
1124 2931 1152 2999 si
1180 2953 1249 2999 nou
1277 2932 1430 2999 nascitur
1456 2953 1505 2999 ex

458 3043 592 3135 Spiritu
619 3045 685 3113 nisi
711 3045 773 3135 qui
800 3046 912 3115 veraci
940 3046 1167 3115 conversione
1193 3053 1362 3128 mutatur,
1380 3068 1505 3115 ornnes

456 3161 515 3250 qui
537 3158 664 3229 saeculo
681 3159 795 3229 verbis
821 3169 858 3229 et
883 3183 953 3228 non
981 3161 1082 3230 factis
1107 3160 1321 3240 renuntiant,
1339 3183 1409 3229 non
1434 3162 1507 3229 uti-

457 3297 526 3364 que
556 3275 601 3343 de
631 3273 774 3365 Spiritu,
805 3275 866 3344 sed
897 3297 942 3343 ex
972 3298 1063 3366 aqua
1092 3276 1166 3346 sola
1196 3283 1406 3345 nascuntur:
1442 3276 1506 3365 qui

457 3396 575 3457 tamen
607 3397 645 3458 et
672 3391 767 3459 intus
798 3399 890 3460 teste
915 3390 1090 3482 Cypriano
1118 3401 1210 3460 sunt.
1264 3390 1419 3460 Necesse
1448 3399 1508 3460 est

457 3505 551 3572 enirn
578 3513 619 3573 ut
644 3527 753 3573 unum
781 3507 827 3574 de
855 3506 992 3574 duobus
1020 3507 1252 3575 concedatur:
1278 3518 1342 3575 aut
1367 3504 1417 3574 illi
1442 3508 1506 3597 qui

457 3616 629 3686 fallaciter
658 3619 786 3689 saeculo
816 3620 1030 3703 renuntiant,
1060 3631 1252 3690 nascuntur
1281 3622 1325 3689 de
1356 3619 1506 3712 Spiritu,

457 3734 616 3821 quamvis
646 3734 690 3803 ad
720 3737 921 3826 perniciem,
949 3759 1020 3805 non
1050 3738 1094 3806 ad
1125 3735 1286 3816 salutem,
1314 3744 1422 3827 atque
1453 3736 1508 3806 ita

386 3905 389 3913 .
457 3858 603 3937 possunt
620 3858 658 3917 et
675 3849 853 3931 haeretici3
879 3862 942 3920 aut
968 3852 995 3919 si
1023 3851 1110 3920 illud
1134 3852 1227 3942 quod
1250 3853 1506 3942 scriptumest,

342 3975 376 4021 .i·
408 4009 414 4021 ·
458 3959 610 4031 Sanctus
645 3963 738 4031 eniur
774 3964 925 4055 Spiritus
964 3965 1154 4057 disciplina
1188 3965 1334 4058 effugiet
1367 3966 1507 4047 fictum,

458 4078 565 4146 etiarn
585 4078 714 4148 adhoc
733 4079 836 4162 valet,
854 4089 895 4149 ut
914 4080 1087 4150 fallaciter
1109 4080 1237 4151 saeoulo
1262 4081 1509 4151 renuntiantes

459 4214 528 4259 non
546 4201 736 4262 nascantur
752 4195 797 4263 de
811 4194 967 4285 Spiritu;
988 4205 1105 4286 potest
1122 4197 1199 4287 quis
1217 4197 1385 4287 baptizari
1403 4220 1507 4287 aqua,

460 4315 497 4376 et
521 4330 588 4376 non
612 4308 705 4377 nasci
733 4309 778 4378 de
801 4309 958 4401 Spiritu;
987 4320 1024 4380 ot
1043 4313 1171 4381 frustra
1190 4311 1425 4384 Nemesianus
1442 4314 1509 4395 ait,

460 4418 579 4513 Neque
602 4419 758 4515 Spiritus
794 4424 868 4494 siae
896 4448 986 4518 aquo
1016 4429 1155 4518 operari
1181 4437 1299 4520 potest,
1327 4451 1387 4497 uec
1414 4450 1509 4519 equa

460 4533 534 4603 siue
559 4532 708 4627 Spiritu.
760 4536 841 4606 Jam
870 4561 951 4607 vero
978 4549 1014 4607 et
1038 4539 1120 4611 alibi
1151 4565 1242 4633 saepe
1273 4542 1409 4611 dictum
1439 4551 1507 4625 est,
