3817 5692
426 679 491 741 alo
568 672 878 739 TESTIMONIA
901 670 966 734 DE
989 670 1352 735 AUCTORITATE

427 853 516 921 ritus
545 850 668 931 saneti,
689 848 930 941 praedamnans
952 846 1030 937 jam
1059 845 1243 917 haereticos
1268 853 1485 939 perpetuam

427 965 678 1036 abstinentiam
707 970 942 1056 praecepturos
971 962 1017 1032 ad
1047 961 1261 1033 destruenda
1290 972 1331 1032 et
1366 961 1485 1054 despi-

428 1080 553 1151 cienda
570 1102 676 1171 opera
693 1078 880 1149 creatoris.
906 1074 965 1148 Do
978 1075 1144 1170 Jo'uniia
1157 1101 1233 1170 eap.
1249 1081 1308 1148 15.
1328 1100 1363 1169 p.
1377 1081 1466 1147 552.

478 1193 595 1265 Immo
612 1216 658 1263 ne
680 1194 731 1264 ita
755 1196 1061 1288 argumentareris,
1078 1195 1300 1286 providentia
1326 1193 1482 1287 Spiritus

428 1312 540 1383 saneti
565 1311 843 1392 demonstravit;
869 1311 1039 1401 quidnam
1064 1310 1220 1392 dixisset,
1238 1307 1481 1404 Spectandum

417 1424 515 1522 sueti
539 1450 656 1497 somus
678 1424 830 1505 muodo,·
851 1427 937 1496 dum
958 1425 1102 1519 angelis,
1121 1426 1182 1518 qui
1206 1426 1385 1495 mundum
1413 1426 1482 1495 mi·

428 1544 589 1625 nistrant
601 1550 638 1612 et
650 1541 853 1612 hominibus
866 1542 995 1634 quibus
1008 1543 1210 1612 ministrant
1221 1541 1257 1630 (1
1267 1540 1481 1634 Cor.iv.9.)l

429 1659 633 1731 Verebatur
657 1658 825 1726 nimirum
850 1665 958 1727 tantae
984 1658 1190 1729 constantia
1213 1659 1275 1739 vir,
1293 1680 1341 1727 ne
1362 1657 1482 1727 dicam

430 1770 584 1864 Spiritus
604 1780 755 1881 sanetus,
774 1772 968 1862 praesertim
985 1769 1138 1865 adfilios
1154 1770 1319 1853 scribens,
1339 1793 1426 1864 quoa
1444 1770 1482 1838 in

429 1883 619 1983 Eoonpolio
645 1894 880 1981 pooerooorut,
907 1882 974 1957 &e
1004 1883 1048 1958 L.
1078 1907 1113 1953 v.
1143 1882 1218 1955 odo.
1245 1881 1483 1965 Marcionem,

429 2025 504 2094 cap.
524 2007 558 2079 7.
576 2025 610 2095 p.
625 1999 717 2095 469,

479 2117 523 2187 In
541 2118 663 2209 primis
685 2126 808 2188 autem
830 2141 903 2189 non
921 2117 1068 2190 videbor
1083 2118 1305 2213 irreligiosus,
1323 2120 1365 2202 si,
1382 2119 1484 2210 quod

430 2234 505 2324 ipse
533 2232 729 2323 profitetur,
754 2234 1042 2317 animadvertam,
1066 2257 1208 2304 omnem
1233 2233 1336 2304 illum
1363 2233 1485 2305 indul-

429 2348 587 2441 gentiam
605 2349 810 2440 nuptiarum
827 2350 872 2422 de
896 2373 972 2433 suo,
990 2350 1026 2420 id
1044 2358 1110 2434 est,
1127 2351 1173 2420 de
1189 2351 1345 2421 humano
1363 2373 1484 2434 sensu,

430 2485 500 2531 non
519 2462 563 2532 de
582 2462 701 2533 divino
718 2466 921 2559 praescripto
939 2465 1130 2537 induxisse.
1156 2465 1213 2538 Ilo
1229 2464 1379 2537 Eebort.
1393 2464 1485 2539 Cas-
1529 2545 1533 2553 ,

431 2578 551 2663 litatis,
569 2603 644 2673 cap.
659 2584 692 2650 3.
711 2603 744 2673 p.
760 2587 845 2652 520.
872 2584 909 2653 in
930 2605 1001 2675 quo
1018 2585 1134 2675 capite
1150 2584 1224 2677 agit
1240 2582 1485 2653 Tertullianus

430 2695 476 2766 de
501 2697 644 2766 monitis
670 2698 707 2767 in
728 2720 803 2791 cap.
818 2704 852 2776 7.
872 2704 892 2768 1
909 2698 990 2769 Cor.
1012 2722 1034 2769 a
1050 2699 1086 2771 S.
1105 2699 1217 2770 Paulo
1237 2721 1342 2791 super
1358 2699 1486 2768 matri·

313 2822 316 2826 ’
430 2813 550 2881 monio
564 2812 665 2893 datis,
678 2812 738 2882 ubi
758 2814 794 2883 in
808 2838 937 2885 comm.
951 2819 1008 2885 10.
1027 2815 1201 2901 scribitur,
1214 2813 1393 2908 Proeoipio
1411 2837 1485 2885 non

430 2949 490 3022 opo
505 2926 566 2997 sod
581 2926 765 2999 Dominus.

481 3042 536 3114 Ut
561 3045 685 3136 opinor
710 3053 832 3116 autem
855 3048 960 3118 unius
987 3056 1025 3119 et
1050 3048 1208 3140 ejusdem
1233 3048 1302 3117 Dei
1328 3055 1485 3140 utraque

431 3161 671 3252 pronuntiatio
702 3170 739 3231 et
769 3163 951 3255 dispositio
981 3172 1045 3246 est,
1076 3166 1136 3257 qui
1163 3172 1241 3234 tum
1268 3163 1414 3255 quidem
1443 3165 1484 3234 in

430 3276 620 3369 primordio
646 3285 845 3348 sementem
873 3280 1013 3372 generis
1043 3280 1161 3350 emisit
1186 3277 1331 3349 indultis
1357 3281 1486 3371 eonju-

429 3393 569 3485 giorum
603 3393 759 3475 habenis,
794 3395 907 3465 doneo
939 3397 1093 3468 mundus
1126 3395 1330 3489 repleretur,
1366 3397 1485 3468 donec

430 3532 532 3578 novae
558 3509 753 3603 disciplinae
779 3512 928 3582 materia
952 3514 1159 3604 proficeret;
1185 3535 1280 3583 nune
1303 3534 1387 3582 vero
1412 3514 1485 3584 sub

431 3626 717 3696 extremitatibus
735 3637 937 3718 temporum
956 3630 1162 3722 compressit
1185 3628 1279 3720 quod
1303 3628 1484 3712 emiserat,

431 3748 468 3809 et
486 3742 663 3811 revocavit
681 3742 774 3832 quod
792 3742 998 3815 indulserat.
1012 3767 1088 3837 cap.
1104 3743 1137 3814 6.
1155 3767 1189 3833 p.
1203 3748 1287 3813 521.
1313 3739 1486 3815 Allatum

430 3854 546 3925 fuerat
562 3880 583 3927 a
599 3854 817 3927 Tertulliano
835 3855 872 3928 S.
887 3857 992 3929 Pauli
1009 3858 1107 3941 illud,
1126 3856 1273 3952 Tempus
1289 3858 1328 3927 in
1344 3854 1488 3931 collecto

431 3980 488 4041 est.
540 3971 704 4066 Superest
720 3981 758 4043 ut
774 3983 806 4045 oi
827 3974 887 4068 qui
907 3972 1030 4045 hubent
1054 3998 1191 4058 sorores,
1208 3973 1259 4045 sio
1283 3973 1354 4043 sint
1378 3980 1489 4068 potari

430 4110 500 4158 noo
516 4084 669 4160 bobooot.
689 4094 708 4158 1
725 4090 806 4159 Cor.
819 4090 877 4159 vii.
897 4096 956 4170 29.

481 4202 726 4293 Cupiditatem
752 4206 911 4290 omnium
941 4204 1116 4276 malornm
1146 4206 1300 4276 radicem
1326 4204 1490 4296 Spiritus

432 4317 576 4387 Domini
600 4340 663 4409 per
687 4319 886 4410 apostolum
906 4321 1148 4413 pronuntiavit
1166 4320 1202 4407 (1
1222 4320 1312 4390 Tim.
1326 4322 1372 4390 vi.
1393 4326 1488 4417 10.).

430 4430 488 4501 Do
505 4429 690 4516 Patientia,
709 4458 786 4528 cap.
800 4442 834 4514 7.
851 4459 885 4529 p.
901 4441 984 4507 144.

482 4547 570 4629 Quis
600 4573 693 4620 nuno
724 4550 897 4623 medullas
926 4554 1179 4647 seripturarum
1210 4553 1322 4647 magis
1349 4566 1491 4641 nosset,
