3817 5692
427 683 471 749 86
660 684 914 749 ARCHELAI
940 684 1004 746 ET
1029 683 1250 747 MANETIS

426 861 706 951 obtemperasset
735 859 856 940 homo,
883 881 953 949 qua
982 879 1028 926 ex
1057 879 1162 926 eausa
1189 854 1303 926 malus
1331 854 1479 924 fuisset?

427 973 530 1056 Quod
560 973 587 1043 si
616 973 816 1065 ingenitum
844 982 899 1041 est
926 971 1082 1053 malum;
1109 980 1148 1039 et
1171 969 1349 1061 quomodo
1371 970 1479 1040 inter-

426 1091 511 1160 dum
528 1088 636 1158 homo
649 1088 774 1157 fortior
791 1085 852 1155 illo
869 1086 1077 1156 invenitur?
1105 1082 1365 1177 Obtemperans
1382 1084 1477 1153 enim

425 1205 594 1274 mandato
613 1201 682 1271 Dei
701 1202 905 1293 frequenter
921 1203 1041 1270 vincet
1058 1222 1200 1270 omnem
1223 1199 1368 1270 malitiae
1388 1199 1480 1268 radi-

427 1341 528 1401 eem;
556 1327 594 1396 et
611 1317 799 1387 ridiculum
817 1326 882 1397 est,
901 1317 929 1385 si
955 1317 1023 1385 iste
1041 1316 1101 1407 qui
1120 1314 1256 1385 factura
1272 1323 1337 1396 est,
1356 1314 1480 1385 fortior

427 1434 627 1505 inveniatur
643 1432 813 1522 ingenito.
864 1428 976 1522 Cujus
993 1439 1114 1501 autem
1132 1438 1186 1499 est
1204 1429 1263 1499 lex
1281 1440 1318 1498 et
1335 1431 1480 1499 manda-

427 1559 516 1628 tum,
536 1547 624 1616 illud
643 1548 733 1628 dieo,
751 1546 845 1637 quod
864 1546 998 1615 homini
1018 1546 1140 1615 datum
1158 1544 1237 1616 est?
1268 1543 1353 1615 Sine
1370 1544 1478 1614 dubio

427 1663 656 1735 confitebitur
674 1661 742 1730 Dei
761 1684 847 1730 esse.
900 1660 948 1729 Et
974 1661 1152 1751 quomodo
1178 1669 1296 1752 potest
1320 1661 1393 1730 dari
1418 1660 1477 1730 lex

427 1780 564 1851 alieno?
600 1786 663 1848 aut
692 1778 837 1846 inimico
867 1777 945 1867 quis
978 1784 1097 1867 potest
1124 1776 1208 1846 dare
1233 1775 1477 1868 praeoeptuml

427 1895 506 1965 Aut
522 1894 594 1974 ille,
613 1896 673 1985 qui
692 1893 821 1983 accipit
844 1900 1069 1982 praeoeptum,
1088 1892 1266 1983 quomodo
1283 1900 1402 1983 potest
1418 1891 1480 1961 ad·

428 2031 548 2079 versus
574 2005 776 2089 Diabolum,
803 2007 837 2074 id
867 2016 931 2087 est,
957 2006 1124 2076 adversus
1151 2015 1346 2077 creatorem
1375 2029 1477 2076 suum

428 2144 594 2215 pugnare,
617 2133 786 2211 tanquam
815 2122 843 2189 si
871 2120 964 2189 filius
991 2121 1093 2211 patri,
1119 2143 1201 2190 cum
1227 2121 1477 2190 beneficiorum

428 2237 568 2307 debitor
584 2237 640 2317 sit,
657 2238 812 2328 irrogare
828 2235 915 2304 velit
933 2235 1104 2327 injurias?
1147 2235 1206 2305 Ita
1230 2237 1266 2304 in
1288 2235 1355 2305 hae
1377 2246 1478 2329 parte

430 2351 676 2421 'inutilitatem
693 2350 847 2421 hominis
864 2352 1037 2444 designas,
1055 2351 1085 2420 si
1108 2374 1171 2443 per
1190 2352 1307 2444 legem
1325 2360 1362 2421 et
1381 2374 1479 2421 man·

428 2469 551 2538 datum
580 2466 745 2537 adversus
774 2490 868 2547 eum,
895 2466 956 2557 qni
983 2465 1221 2559 plasmaverit,
1241 2467 1346 2549 dicat,
1371 2477 1478 2558 atque

428 2607 510 2655 eum
535 2585 676 2652 vincere
703 2592 860 2652 conetur.
914 2581 957 2651 In
986 2592 1126 2652 tantum
1155 2584 1250 2652 enim
1276 2582 1478 2654 stoliditatis

429 2722 651 2794 progressum
676 2721 752 2768 esse
778 2699 892 2789 ipsum
922 2696 1115 2768 Diabolum
1141 2698 1355 2789 putabimus,
1382 2701 1476 2791 quod

428 2818 614 2888 adversum
632 2838 669 2885 se
686 2815 866 2883 hominem
881 2813 1007 2883 fecisse
1025 2837 1094 2881 non
1112 2814 1271 2896 senserit,
1286 2838 1351 2884 nee
1367 2815 1479 2885 anim·

429 2932 621 3002 adverterit
651 2929 735 3021 quid
763 2929 923 2998 futurum
954 2939 1057 3010 esset,
1084 2951 1150 2998 nee
1176 2930 1368 3021 providerit
1393 2931 1476 3022 quid

429 3048 664 3137 sequebatur3
691 3068 772 3114 cum
796 3045 903 3113 etiam
928 3044 965 3112 in
988 3044 1098 3126 nobis,
1116 3046 1176 3135 qui
1195 3044 1332 3116 factura
1348 3069 1476 3128 snmus

429 3164 475 3232 sit
492 3163 609 3253 aliqua
626 3160 681 3230 vel
701 3184 808 3252 parva
825 3161 983 3240 scientia,
1002 3160 1094 3228 inest
1118 3168 1155 3229 et
1178 3160 1310 3252 aliquid
1327 3162 1478 3253 pruden-

429 3278 496 3358 tiae,
516 3286 553 3345 et
575 3275 848 3345 existimationis
869 3298 1121 3367 nonnunquam
1147 3276 1276 3346 eertael
1319 3277 1367 3348 Et
1393 3303 1479 3370 quo-

428 3391 535 3460 modo
552 3392 711 3484 ingenito
725 3414 770 3460 ne
784 3391 953 3482 exignum
969 3391 1113 3481 quidem
1128 3392 1358 3483 providentiae
1371 3393 1477 3462 fuisso

429 3506 613 3587 oredimus,
631 3528 747 3596 neque
773 3506 1056 3589 existimationis,
1080 3516 1143 3576 aut
1168 3506 1390 3590 intelleetns3
1416 3508 1477 3577 sed

429 3621 652 3691 brutissimns
677 3643 790 3701 sensu,
817 3628 855 3688 et
883 3620 1098 3691 obtusissimi
1128 3623 1252 3704 cordis,
1275 3634 1313 3693 et
1341 3633 1478 3695 naturae

428 3737 564 3827 peeoris
591 3737 779 3816 invenitur,
807 3736 1003 3805 seeundum
1033 3739 1274 3821 assertionem,
1300 3737 1476 3820 videlieet,

429 3859 538 3920 tuam.
591 3851 697 3934 Quod
723 3852 751 3919 si
776 3852 828 3920 ita
853 3859 928 3931 est3
956 3854 1133 3943 quomodo
1159 3852 1277 3935 homo,
1295 3854 1355 3945 qui
1381 3856 1478 3948 inge·

428 3962 496 4043 ni0,
515 3975 624 4053 atque
641 3964 789 4032 scientia
805 3987 876 4033 non
894 3986 1018 4055 parum
1038 3964 1159 4055 pollet,
1174 3965 1219 4034 ab
1237 3989 1290 4046 eo,
1304 3968 1363 4057 qui
1380 3968 1478 4056 igna-

429 4099 489 4145 rus
509 4079 668 4146 omnium
692 4088 798 4169 atque
822 4079 931 4148 hebes
957 4101 1060 4148 sensu
1088 4090 1151 4159 est,
1169 4079 1286 4170 potuit
1303 4079 1477 4173 accepisse

429 4192 688 4262 substantiam?
727 4193 915 4276 Quomodo
943 4192 1186 4283 hujuscemodi
1211 4196 1365 4265 auctoris
1390 4216 1477 4286 opus

430 4327 505 4374 esse
535 4305 714 4377 hominem
748 4309 894 4377 audebit
923 4306 1048 4400 aliquis
1078 4309 1267 4380 confiteri?
1310 4309 1414 4393 Quod
1448 4310 1476 4378 si

428 4417 535 4488 homo
553 4422 670 4491 anima
687 4433 752 4504 est,
771 4433 959 4514 eteorum,
979 4437 1015 4492 et
1037 4447 1106 4493 non
1128 4424 1242 4494 solum
1260 4447 1385 4517 eorpus
1402 4424 1476 4494 sine

755 4610 762 4631 ¹
778 4608 836 4674 (τὴν
851 4608 981 4660 εὐτέλειαν
995 4608 1147 4677 ι’ὶΙὶῙαΙθηι.)
