3817 5692
492 679 557 740 elo
862 679 893 740 S.
911 677 1184 741 AUGUSTINI

330 876 443 937 σιω.
543 850 648 921 Alius
667 851 767 921 Felix
793 852 837 921 ab
858 850 996 920 Uthina
1013 850 1123 919 dixit:
1150 847 1293 919 Nemini
1318 847 1459 918 desirium
1486 858 1552 930 est,

493 968 702 1037 sanctissimi
726 964 989 1048 consacerdotes,
1008 988 1076 1035 non
1094 961 1144 1034 'in
1163 973 1293 1034 turriam
1306 987 1407 1058 posse
1423 962 1553 1034 duma-

494 1103 575 1150 nam
603 1082 895 1173 ormentionem,
929 1088 1093 1174 qnantum
1129 1077 1277 1148 Domini
1310 1079 1421 1149 nostri
1454 1077 1551 1149 Jesn

497 1193 632 1269 Christi
657 1195 870 1267 adorandam
897 1205 927 1266 el
950 1194 1170 1265 uenerabilem
1199 1195 1413 1288 majestatem.
1464 1192 1552 1265 Me-

495 1335 606 1382 mores
623 1336 703 1407 erqo
714 1312 876 1407 periculi,
894 1311 957 1382 doc
974 1335 1105 1405 quoqne
1127 1334 1195 1381 non
1220 1320 1350 1381 tanturn
1368 1309 1551 1381 observare

496 1425 661 1511 debemus,
679 1452 795 1499 oerum
813 1429 914 1499 etiam
931 1426 973 1498 ab
990 1425 1145 1498 omnibns
1166 1426 1261 1497 nobis
1279 1427 1491 1520 constristare,
1510 1435 1552 1495 nt

496 1565 610 1614 omnes
636 1541 789 1614 haretici
814 1545 874 1637 qui
896 1542 943 1613 ad
962 1545 1076 1612 sinam
1099 1544 1220 1611 mann
1237 1540 1401 1612 Ecclesia
1425 1565 1550 1611 aecur-

497 1666 580 1728 runt
605 1658 841 1753 baptizantem
876 1667 913 1728 nt
944 1681 1037 1727 mens
1067 1654 1239 1738 heretica,
1270 1680 1347 1750 qnoe
1375 1656 1549 1727 diuturna

497 1772 570 1844 tude
585 1772 719 1867 pollata
742 1782 801 1858 ost,
819 1772 1087 1865 sanctificatione
1103 1770 1233 1842 lanaeri
1248 1781 1401 1868 petroala
1419 1774 1456 1841 in
1475 1797 1548 1842 me-

496 1888 564 1959 lias
580 1888 795 1984 reformetur.

553 2006 723 2076 Fortassis
740 2008 807 2075 iste
825 2006 885 2095 qui
908 2006 944 2074 in
963 2006 1130 2076 diuturna
1147 2005 1230 2076 tabe
1247 2005 1428 2098 purganda
1445 2029 1548 2077 eaus-

496 2144 570 2192 sam
588 2123 715 2213 posuit,
734 2143 796 2189 eur
816 2121 988 2191 deberent
1009 2121 1163 2191 haeretiei
1187 2121 1366 2212 baptizari,
1383 2130 1547 2213 parceret

496 2238 547 2305 eis
578 2236 637 2326 qui
668 2238 704 2304 in
735 2235 887 2326 aliquam
918 2237 1076 2306 haeresim
1107 2238 1280 2305 irruentes
1309 2235 1439 2328 exiguo
1470 2234 1547 2305 illie
1648 2247 1650 2254 '

497 2360 657 2442 tempore
675 2352 834 2431 fuissent,
852 2360 889 2421 et
907 2354 979 2421 cito
996 2353 1143 2421 currenti
1161 2352 1206 2421 ad
1224 2349 1443 2420 catholicam
1460 2349 1547 2418 inde

497 2469 715 2559 migrassent.
770 2467 908 2537 Deinde
929 2479 966 2537 et
989 2470 1063 2559 ipse
1085 2490 1208 2559 parum
1227 2467 1389 2548 advertit,
1408 2466 1458 2533 ita
1474 2465 1546 2534 diei

498 2605 611 2673 posse,
629 2593 670 2651 ut
691 2584 802 2673 iniqui
825 2606 947 2653 omnes
973 2583 1032 2674 qui
1059 2584 1103 2652 ad
1130 2581 1227 2652 illam
1254 2591 1389 2673 petram
1416 2582 1549 2672 inqua

498 2698 658 2768 Ecclesia
675 2700 892 2792 significatur
908 2707 1105 2778 aeeurmnt,
1123 2699 1368 2789 baptizentur;
1385 2706 1426 2766 ut
1443 2719 1548 2767 mens

497 2815 616 2905 iniqua
629 2838 704 2905 qnae
718 2826 819 2885 extra
838 2826 973 2907 petram
992 2817 1028 2884 in
1046 2838 1151 2884 arerra
1162 2814 1356 2884 aedificabat
1369 2813 1547 2883 audiendo

496 2929 602 2998 verba
620 2930 750 2999 Christi
773 2941 811 2999 et
832 2953 902 2999 nnn
926 2929 1099 3011 faciendo,
1117 2929 1393 2999 sanctificatione
1416 2928 1547 2999 lavacri
1610 3021 1616 3027 1

496 3054 644 3135 purgata
669 3046 705 3113 in
732 3044 858 3114 melius
884 3045 1115 3114 reformetur:
1143 3054 1325 3114 ettamen
1350 3067 1421 3113 non
1444 3044 1495 3124 fit,
1514 3046 1545 3113 si

490 3158 566 3247 jam
594 3159 762 3250 baptizati
790 3170 881 3240 sunt
906 3161 1014 3230 etiam
1045 3160 1073 3228 si
1105 3158 1299 3250 probentur
1323 3158 1412 3227 tales
1437 3158 1547 3227 fuisse

496 3295 577 3341 aum
601 3274 885 3364 baptizarentnr3
912 3276 946 3343 id
971 3287 1035 3356 est,
1053 3283 1094 3343 ut
1117 3274 1248 3345 saeculo
1270 3274 1386 3343 verbis
1410 3284 1448 3343 et
1473 3297 1547 3343 non

497 3386 599 3456 saetis
616 3391 870 3459 renuntiarent.

335 3528 399 3575 aar.
407 3540 448 3587 ³4·
547 3502 699 3585 Quietus
716 3527 738 3575 a
755 3505 900 3576 Burueh
923 3506 1036 3576 dixit:
1064 3505 1134 3594 Qui
1144 3504 1222 3598 fido
1237 3507 1392 3586 vivimus,
1410 3501 1549 3597 obsequi

495 3614 551 3687 Iris
568 3643 645 3713 qnoe
658 3621 869 3693 instruendis
883 3621 979 3694 nobis
992 3630 1069 3693 anie
1081 3619 1254 3716 prodicta
1271 3630 1360 3703 sunt,
1374 3617 1547 3690 murenula

497 3731 726 3806 obser-natione
743 3734 906 3807 debemus.
959 3736 1052 3807 Nam
1075 3739 1241 3832 seriptum
1265 3746 1314 3808 est
1335 3735 1430 3830 apud
1444 3734 1547 3807 Salo-

334 3876 407 3954 aoeu.
497 3871 638 3933 monam,
658 3851 729 3940 Qui
750 3850 945 3947 baptizatur
963 3878 984 3923 a
1002 3863 1145 3935 mortno,
1164 3852 1273 3947 ”qrrid
1292 3852 1432 3946 psrfieit
1453 3849 1547 3920 laro-

333 3957 416 3989 nxrv.
428 3955 468 4002 30.

333 4006 459 4054 mm·
537 4025 608 4084 ¹Er.
632 4039 660 4086 et
682 4031 788 4105 aliquot
803 4031 892 4089 MSS.
906 4009 960 4088 non
981 4041 1083 4089 tantum
1100 4052 1191 4107 posse.
1230 4032 1292 4105 (Sic
1313 4032 1390 4105 prior
1411 4049 1500 4095 meus,
1515 4040 1545 4087 et

497 4123 632 4199 Cypriani
647 4127 755 4184 Fellina
769 4129 855 4185 editio
870 4138 935 4186 ante
950 4131 1156 4200 Baluzianam.)

537 4233 561 4263 ¹¹¹
576 4223 797 4281 Cambronensis
822 4227 913 4282 codex
937 4236 966 4283 et
989 4228 1123 4303 Cypriani
1148 4228 1245 4295 editio,
1260 4228 1361 4285 sedulo.
1400 4226 1544 4299 (Positum

496 4331 539 4377 est
553 4321 662 4376 credula
676 4321 705 4376 iu
720 4320 830 4377 Baluzii
843 4322 992 4388 editione.)

536 4428 552 4458 ¹¹
566 4420 631 4474 Am.
647 4419 694 4474 Er.
710 4427 739 4475 et
760 4420 848 4494 Cypr.
871 4420 989 4485 addunt,
1011 4423 1154 4477 etiterum
1177 4423 1265 4496 tonuit
1287 4429 1439 4476 mortuum:
1461 4420 1544 4483 male,

495 4513 550 4570 hoc
565 4516 639 4571 enim
659 4515 756 4572 addito
775 4516 854 4572 locus
875 4517 911 4572 ad
931 4535 992 4572 rem
1014 4517 1172 4575 nihilfecit.
1216 4518 1294 4590 (an
1309 4517 1543 4577 additamentum,

495 4619 572 4667 recte
593 4613 729 4667 omissum
751 4632 768 4667 a
792 4613 909 4669 Baluzio
930 4614 1005 4686 apud
1030 4615 1214 4689 cyprianum,
1239 4633 1296 4670 non
1318 4621 1478 4688 agnoscunt
1500 4611 1544 4668 vel

497 4708 630 4781 Cypriani
644 4709 688 4766 vel
704 4710 857 4784 Augustini
872 4729 959 4784 penes
973 4730 1019 4766 me
1033 4709 1162 4784 MSSti.)
