3817 5692
429 703 493 770 172
669 700 923 765 ARCHELAI
954 700 1019 764 ET
1051 699 1271 763 MANETIS

426 898 504 946 esse
527 876 671 967 poterit,
694 884 731 945 et
756 875 836 945 ideo
862 897 930 968 ego
956 875 1051 946 vocis
1076 874 1150 966 ejus
1177 875 1241 945 tibi
1268 875 1473 945 testimonio

427 991 613 1083 proferam,
642 990 796 1081 primum
830 988 975 1079 quidem
1009 988 1202 1057 dissolvens
1227 986 1310 1070 haec,
1341 1011 1422 1079 quae
1451 1010 1474 1058 e

426 1114 465 1175 te
490 1104 586 1174 dicte
614 1113 706 1187 sunt,
732 1105 785 1173 uti
812 1126 857 1173 ne
887 1103 993 1185 dicas,
1021 1104 1185 1194 quoniam
1216 1125 1283 1172 nec
1310 1103 1376 1172 sibi
1406 1103 1474 1195 ipsi

426 1229 631 1301 consonant,
664 1228 705 1289 ut
742 1219 895 1289 esttibi
936 1219 1154 1289 consuetudo
1188 1218 1338 1288 dicendi.
1406 1216 1474 1289 Ais
1559 1263 1564 1275 ·

426 1334 522 1403 enim
551 1335 634 1425 quie
664 1357 757 1416 eum,
785 1335 845 1426 qui
876 1336 1101 1404 nuntiaverat
1126 1332 1157 1402 ei
1190 1333 1382 1413 demaine,
1409 1339 1472 1401 cut

427 1449 471 1519 de
512 1449 686 1530 lintribus,
727 1450 961 1543 increpaverit
992 1448 1108 1529 lesus,
1142 1449 1240 1540 quasi
1276 1446 1471 1531 fallentem,

426 1565 621 1636 secundum
650 1567 686 1636 id
717 1566 810 1657 quod
842 1565 1048 1657 scriptorem
1076 1563 1214 1634 fefellit.
1267 1561 1398 1655 Neque
1428 1565 1471 1649 is,

427 1681 486 1771 qui
503 1681 728 1750 annuntiavit
750 1681 783 1750 ei
809 1681 854 1751 de
880 1690 994 1750 matre
1017 1688 1054 1749 et
1079 1678 1244 1749 fratribus
1269 1679 1472 1770 increpatus

426 1803 491 1878 est,
509 1817 625 1886 neque
643 1793 771 1865 Petrus
788 1817 893 1886 supro
914 1794 1017 1865 illum
1040 1794 1134 1865 solus
1159 1794 1378 1865 beatificatus
1395 1801 1471 1875 est;

426 1911 486 1982 sed
504 1919 654 2001 uterque
671 1911 716 1981 ab
739 1934 783 1980 eo
805 1912 948 2005 dignam
975 1912 1236 2003 responsionem
1259 1911 1398 2003 propria
1419 1911 1473 1978 in-

426 2025 664 2119 terrogetione
682 2026 850 2118 percepit,
868 2028 961 2097 sicut
983 2027 1020 2097 in
1043 2026 1340 2118 consequentibus
1356 2047 1472 2096 sermo

426 2142 647 2211 monstrabit.
700 2140 810 2212 ¹Cum
838 2144 917 2234 quis
944 2143 1109 2235 parvulus
1135 2151 1200 2225 est,
1222 2142 1356 2236 cogitet
1381 2141 1474 2211 sicut

426 2257 601 2350 parvulus,
630 2258 722 2350 sapit
750 2267 791 2328 ut
821 2258 1007 2351 parvulus3
1032 2281 1113 2328 cum
1144 2267 1266 2329 autem
1296 2258 1475 2350 perfectus

427 2373 534 2442 fuerit
557 2374 621 2455 vir,
644 2374 870 2445 destruentur
895 2397 948 2457 ee,
966 2397 1046 2466 quae
1074 2383 1156 2444 sunt
1183 2373 1328 2466 parvuli,
1346 2374 1382 2443 id
1408 2381 1473 2455 est,

428 2488 513 2557 dum
543 2489 588 2559 ed
618 2490 734 2580 priore
762 2511 800 2559 se
830 2489 909 2581 quis
937 2489 1110 2571 extendit,
1139 2488 1365 2559 obliviscatur
1391 2512 1475 2581 quae

426 2614 508 2696 post
535 2626 573 2675 se
602 2613 695 2675 sunt.
747 2603 855 2675 Unde
884 2604 1040 2674 Domino
1070 2615 1190 2674 nostro
1218 2603 1305 2674 Jesu
1331 2602 1475 2673 Christo

427 2720 588 2800 docente,
607 2728 644 2790 et
669 2730 816 2790 curante
842 2720 1039 2789 humanum
1065 2743 1186 2813 genus,
1213 2722 1267 2789 uti
1295 2743 1340 2790 ne
1368 2718 1475 2790 simul

428 2837 546 2905 omnia
573 2836 783 2927 deperirent,
810 2857 963 2926 cumque
992 2836 1029 2905 in
1056 2835 1186 2906 talibus
1219 2836 1344 2905 studiis
1374 2857 1476 2906 mens

428 2952 587 3020 omnium
621 2950 824 3020 auditorum
859 2960 952 3019 esset
990 2949 1136 3032 intente,
1172 2974 1243 3020 non
1278 2960 1477 3042 opportune

426 3065 602 3159 ingressus
631 3066 689 3136 hic
719 3066 866 3136 nuntius
896 3067 940 3136 de
970 3075 1084 3137 matre
1113 3068 1187 3160 ejus
1221 3069 1403 3161 suggessit,
1433 3089 1477 3137 ac

428 3181 603 3251 fratribus.
655 3181 751 3265 Quid
768 3181 887 3252 enimi
914 3182 1104 3253 0debuitno
1121 3184 1228 3253 etiam
1247 3190 1302 3253 'se
1322 3185 1398 3275 ipso
1417 3183 1478 3273 ju·

429 3294 580 3377 dicante,
600 3295 842 3388 derelinquere
859 3320 929 3379 eos,
948 3320 1037 3389 quos
1053 3298 1209 3379 curabat,
1228 3309 1265 3369 et
1286 3320 1373 3389 quos
1396 3320 1479 3367 eru-

429 3409 559 3492 diebat,
577 3418 613 3481 et
631 3433 713 3482 cum
733 3422 847 3483 matre
871 3434 912 3483 ac
935 3412 1101 3484 fratribus
1124 3412 1301 3505 colloquii
1345 3413 1477 3482 Nonne

428 3524 599 3594 continuo
616 3526 661 3596 de
682 3526 751 3596 hoc
773 3528 850 3619 ipso
872 3526 1099 3598 detraheres?
1143 3524 1250 3599 fCum
1273 3530 1369 3598 enim
1394 3550 1478 3619 pec-

429 3640 517 3709 cetis
546 3650 691 3711 onustos
720 3652 758 3712 et
790 3652 954 3735 gravatos
989 3644 1033 3713 ed
1067 3643 1315 3735 discipulatum
1345 3643 1479 3735 delegit

429 3754 615 3826 duodecim
650 3779 808 3841 numero,
844 3780 931 3849 quos
966 3768 1003 3829 et
1039 3758 1231 3851 Apostolos
1271 3759 1478 3839 nominavit,

429 3870 549 3941 dicens
578 3874 639 3955 eis,
666 3872 874 3965 'relinquite
907 3884 1060 3944 matrem
1094 3884 1132 3943 et
1165 3884 1314 3967 petrem,
1344 3883 1385 3943 ut
1418 3896 1479 3943 me

430 3987 527 4079 digni
557 3988 767 4071 efficiemini,
793 3999 835 4060 ut
864 3988 959 4060 ultre
988 4013 1058 4059 non
1088 3989 1198 4082 possit
1228 3992 1279 4061 eis
1309 3991 1481 4060 memoris

471 4143 485 4175 θ
506 4134 541 4190 lu
555 4136 652 4193 codice
667 4137 823 4203 (lesinensi,
839 4138 942 4196 Debuit
955 4147 982 4196 et
995 4140 1085 4196 eliam.
1129 4139 1209 4197 Melo
1222 4140 1315 4196 lectio.

472 4227 529 4287 ‘ln
548 4233 645 4290 codice
660 4233 808 4292 Cannensi
829 4234 1043 4309 corruptissimo
1057 4235 1171 4310 legitur,
1189 4236 1255 4292 Cum
1273 4236 1342 4291 enim
1357 4237 1484 4310 peccatis

432 4329 517 4384 denuo
530 4338 556 4385 et
568 4339 700 4404 gravatos
718 4332 755 4387 od
773 4332 964 4407 discipulatum
985 4333 1076 4408 ditiyit
1098 4333 1234 4389 duodecim
1257 4351 1373 4388 numero.
1416 4332 1484 4389 Nos

432 4434 567 4501 quantum
590 4446 641 4501 per
662 4430 840 4504 conjectures
853 4430 941 4495 licuit,
957 4430 1042 4505 hujus
1062 4429 1117 4486 loci
1139 4429 1242 4486 mendo
1263 4430 1436 4495 sustulimus,
1451 4438 1485 4487 et

432 4523 553 4580 fortasse
564 4524 648 4598 paulo
662 4534 728 4600 post
741 4545 802 4600 pro,
818 4527 908 4583 dicens
923 4528 972 4591 eis,
988 4527 1142 4602 legendum
1157 4534 1211 4592 est,
1227 4527 1297 4583 dot
1311 4527 1359 4582 eis.

477 4633 484 4655 ¹
503 4646 512 4683 ι
528 4627 596 4684 Cor.
612 4628 668 4686 xiii.
686 4646 728 4685 ιι.
751 4630 851 4705 Philip.
868 4630 905 4687 iii.
920 4648 965 4689 ιι.
1058 4632 1067 4656 ¹
1085 4632 1284 4707 [Scribendum
1299 4639 1342 4688 est
1357 4640 1383 4688 te
1396 4632 1483 4706 ipse]

476 4729 484 4759 ³
499 4723 573 4782 Mat.
591 4744 618 4783 x.
631 4741 681 4800 37.
