3817 5692
568 697 633 761 DE
657 693 1040 759 REBAPTISMATE
1065 692 1224 756 LIBER.
1356 691 1422 756 327

374 869 591 963 qualitatem,
610 867 816 961 intelligunt
842 867 935 959 quod
964 867 1100 935 dictum
1126 874 1181 936 est
1204 865 1249 936 de
1274 866 1357 958 igni,
1376 865 1421 933 de

373 988 448 1079 ipso
471 987 605 1078 Spiritu
633 986 769 1054 dictum
796 1006 883 1053 esse.
936 982 1030 1052 Nem
1056 983 1091 1050 in
1110 981 1212 1051 Actis
1228 978 1561 1073 apostolo-Acer·

374 1123 453 1170 rum
479 1100 673 1170 secundum
696 1098 788 1168 hanc
814 1098 963 1169 eandem
990 1097 1255 1189 promissionem
1276 1094 1421 1165 Domini

374 1216 496 1298 nostri,
512 1216 588 1306 ipso
614 1215 671 1283 die
696 1213 925 1283 Pentecostes
950 1235 1033 1282 cum
1059 1213 1296 1281 descendisset
1314 1209 1425 1302 Spiri-

374 1340 433 1400 tus
450 1341 593 1399 sanctus
611 1351 716 1420 super
732 1328 932 1421 discipulos,
950 1338 992 1397 ut
1012 1332 1048 1397 in
1070 1327 1131 1397 illo
1148 1327 1421 1420 baptizarentur,

374 1446 456 1514 visae
486 1453 569 1513 sunt
604 1443 795 1512 insidentes
829 1466 935 1534 super
967 1442 1123 1535 singulos
1157 1442 1288 1536 linguae
1323 1443 1422 1534 quasi

374 1560 475 1653 ignis,
493 1567 535 1628 ut
552 1566 730 1628 constaret
748 1580 807 1628 eos
825 1558 961 1649 Spiritu
979 1568 1100 1628 sancto
1118 1566 1156 1627 et
1179 1559 1215 1626 in
1238 1558 1320 1650 igne
1337 1558 1424 1650 bap-

376 1677 512 1756 tizatos,
531 1674 598 1743 hoc
624 1682 679 1742 est
705 1695 747 1741 eo
774 1672 898 1765 spiritu
925 1674 986 1763 qui
1016 1682 1108 1743 esset
1135 1675 1208 1743 sive
1233 1674 1325 1766 ignis
1350 1675 1424 1743 sive

376 1791 474 1883 quasi
492 1789 593 1882 ignis.
646 1787 770 1871 Qualis
791 1790 882 1882 ignis
898 1789 968 1857 fuit
985 1789 1046 1881 qui
1064 1789 1100 1858 in
1117 1789 1206 1859 rubo
1222 1788 1369 1859 ardebat
1385 1797 1423 1859 et

376 1906 504 1975 rubum
522 1927 594 1974 non
611 1904 862 1988 comburebat3
888 1903 1071 1996 qualisque
1092 1912 1147 1973 est
1167 1902 1228 1972 ille
1250 1904 1340 1995 ignis
1363 1904 1423 1994 qui

377 2029 431 2090 est
465 2019 668 2113 angelorum
705 2021 857 2112 spiritus,
887 2022 980 2091 sicut
1015 2020 1196 2111 Scriptura
1230 2019 1326 2101 dicit,
1353 2017 1570 2107 Quiricus

365 2135 463 2232 facit
479 2134 631 2233 Anpelos
658 2159 737 2206 suos
766 2137 921 2230 spiritus,
948 2144 980 2205 et
1005 2136 1182 2205 ministros
1207 2157 1286 2205 suos
1311 2136 1422 2231 ipnem

376 2250 561 2321 ardentem.
613 2247 679 2320 Cui
698 2269 778 2321 cum
803 2251 927 2321 similis
950 2259 1013 2321 aut
1036 2252 1150 2320 socius
1170 2260 1233 2321 aut
1250 2252 1424 2343 particeps

377 2367 493 2446 fueris,
511 2367 643 2457 poteris
665 2365 803 2435 nullum
827 2369 947 2459 ignem
969 2368 1118 2450 timere3
1144 2388 1210 2437 nec
1227 2366 1328 2436 illum
1348 2366 1425 2457 qui-

377 2482 458 2551 dem
476 2482 537 2572 qui
555 2482 768 2551 antecedens
786 2480 941 2550 Domino
959 2481 996 2549 in
1014 2481 1072 2551 die
1090 2482 1217 2572 judicii
1235 2481 1427 2574 conflagra-

377 2596 431 2665 bit
448 2605 565 2665 totum
583 2596 706 2665 orbem
723 2604 839 2679 terrae,
856 2596 989 2687 absque
1007 2596 1057 2666 eis
1078 2597 1138 2687 qui
1156 2598 1323 2689 baptizati
1344 2606 1426 2667 suut

377 2714 414 2780 iu
446 2711 580 2804 Spiritu
610 2719 732 2781 sancto
761 2721 799 2780 et
829 2711 913 2804 igni.
968 2711 1017 2780 Et
1047 2711 1248 2782 hominibus
1281 2712 1425 2803 quidem

379 2826 532 2919 Spiritus
557 2835 758 2918 perseverat
783 2826 889 2896 hodie
915 2826 1109 2908 invisibilis,
1130 2828 1221 2897 sicut
1247 2823 1426 2897 Dominus

378 2943 476 3026 dicit,
493 2941 650 3036 Spiritus
678 2940 736 3012 ubi
758 2940 829 3013 vult
856 2943 978 3036 spirat,
1004 2951 1035 3012 et
1060 2944 1172 3013 nescis
1199 2923 1289 3013 uude
1313 2944 1581 3013 veniutroenuia

378 3055 431 3128 vel
459 3081 525 3152 quo
554 3056 666 3129 vadat.
719 3057 790 3127 Sed
820 3059 857 3126 in
887 3059 1059 3150 principio
1088 3058 1247 3150 mysterii
1276 3058 1359 3128 fidei
1389 3067 1427 3129 et

378 3173 544 3265 spiritalis
578 3173 799 3266 baptismatis
833 3172 892 3243 hie
925 3175 1021 3243 idem
1053 3173 1206 3265 Spiritus
1239 3173 1428 3245 manifeste

379 3291 473 3359 visus
500 3298 554 3359 est
581 3297 618 3359 et
644 3311 750 3380 super
775 3287 964 3381 discipulos
994 3289 1162 3359 insedisse
1187 3288 1286 3380 qnasi
1315 3289 1427 3380 ignis3

378 3405 466 3475 item
480 3403 577 3475 coelis
591 3405 722 3496 apertis
735 3405 956 3475 descendisse
969 3427 1074 3497 super
1087 3404 1243 3473 Domino
1255 3402 1428 3473 columbae

379 3520 558 3590 ¹similem.
586 3519 762 3602 Quoniam
782 3519 961 3611 pleraque,
975 3521 1084 3590 immo
1101 3542 1193 3612 pene
1210 3520 1329 3590 omnia
1345 3542 1428 3610 quae

378 3645 495 3707 essent
509 3636 638 3716 futura,
648 3635 837 3706 manifesta
853 3645 946 3716 sunt,
961 3659 1038 3728 quae
1052 3646 1174 3706 tamen
1190 3638 1297 3707 modo
1310 3645 1429 3707 essent

378 3749 577 3832 invisibilia,
608 3749 838 3819 nihilominus
864 3774 958 3821 nunc
988 3774 1129 3843 quoque
1156 3750 1266 3823 oculis
1296 3761 1334 3821 et
1360 3752 1430 3820 ²in·

379 3863 582 3935 credulitati
604 3864 789 3933 hominum
807 3864 864 3934 vel
886 3888 931 3934 ex
952 3874 1062 3957 parte,
1080 3865 1137 3934 vel
1155 3864 1352 3956 aliquando,
1372 3866 1429 3937 vel

379 3982 416 4048 in
433 3980 547 4071 ligura
563 3989 646 4046 sunt
664 3988 860 4047 monstrata
877 3980 921 4048 ad
940 3979 1232 4048 corroborandam
1249 3987 1287 4047 et
1304 3980 1430 4048 confir·

379 4094 545 4163 mandam
576 4092 683 4162 fidem
714 4101 880 4162 nostram.
933 4092 1006 4163 Sed
1036 4116 1102 4163 neo
1131 4093 1220 4163 illud
1250 4094 1428 4164 omiserim

380 4208 474 4300 qnod
492 4205 715 4300 evangelium
737 4207 866 4278 merito
886 4209 1063 4301 praedicat.
1115 4209 1182 4279 Ait
1208 4208 1302 4280 enim
1329 4232 1429 4301 para·

380 4324 488 4416 lytico
512 4321 688 4392 Dominus
713 4332 842 4405 noster,
860 4321 964 4395 Bono
989 4325 1106 4395 animo
1131 4334 1200 4396 erto
1214 4323 1287 4418 fili,
1311 4324 1574 4400 dimit-namna

376 4450 499 4512 tantur
517 4438 579 4511 tibi
589 4449 754 4533 peccam·
782 4450 820 4511 ut
837 4443 1041 4513 ostenderet
1057 4441 1128 4512 fide
1145 4443 1305 4513 mundari
1322 4427 1461 4514 corda²'

544 4578 550 4601 ¹
567 4571 701 4646 similem]
720 4572 785 4629 For.
802 4572 910 4630 similis.

450 4673 456 4685 '
542 4696 550 4719 ι
564 4669 766 4743 incredulitati]
784 4670 849 4728 For.
865 4670 1033 4729 credulitati.
