3817 5692
758 683 1070 747 DlsPU'r‘ATlo.
1373 685 1438 748 135

388 863 559 936 natorem,
578 867 619 925 ut
636 857 798 948 opinaris,
813 866 850 925 et
868 858 1060 938 conscium,
1075 856 1141 926 hoc
1160 857 1324 947 estquod
1344 856 1438 949 apud

388 993 448 1041 eos
474 972 586 1054 ludes,
604 982 642 1041 et
660 984 829 1062 tanquam
846 972 990 1065 elegans
1013 974 1144 1041 mimus
1170 995 1317 1065 perages
1342 995 1438 1065 mys-

387 1089 489 1157 teria.
542 1087 680 1159 Verum
708 1089 792 1179 quid
821 1111 888 1181 ego
918 1087 993 1157 haec
1023 1088 1249 1180 indignanter
1278 1088 1437 1179 accipio?

390 1202 521 1273 Nonne
545 1213 685 1295 oportet
708 1213 745 1272 te
770 1202 998 1295 multiplicari
1024 1214 1191 1294 tanquam
1217 1205 1363 1287 zizania,
1382 1228 1439 1275 us-

388 1341 529 1409 quequo
546 1318 607 1387 ille
632 1320 706 1410 ipse
728 1341 876 1410 magnus
901 1328 1003 1410 pater
1028 1328 1111 1389 tuus
1136 1319 1311 1401 adveniat,
1329 1321 1438 1390 susci-

387 1443 467 1504 tans
483 1443 652 1514 mortuos,
670 1456 761 1526 pene
788 1456 898 1525 usque
922 1435 966 1503 ad
990 1433 1191 1526 gehennam
1210 1457 1333 1505 omnes
1358 1458 1437 1527 per-

387 1571 547 1642 sequens,
575 1550 636 1640 qui
668 1549 733 1619 sibi
764 1549 1010 1641 obtemperare
1045 1549 1236 1632 noluerint,
1268 1551 1438 1643 plurimos

387 1663 568 1734 deterrens
588 1667 799 1759 arrogantiae
820 1673 932 1746 metu,
947 1688 1017 1757 quo
1035 1675 1089 1735 est
1107 1666 1182 1756 ipse
1199 1666 1436 1747 circundatus,

387 1778 464 1850 aliis
489 1780 660 1851 adhibens
686 1783 808 1863 minae,
827 1781 946 1852 vultus
972 1782 1025 1851 sui
1054 1782 1283 1851 conversione
1309 1792 1346 1851 et
1371 1783 1437 1852 cir-

386 1893 624 1965 cunductione
647 1896 850 1967 ludificans:
877 1897 938 1966 aed
963 1896 1057 1965 ultra
1078 1918 1148 1964 non
1174 1897 1358 1988 proliciet3
1383 1897 1437 1966 in-

386 2009 548 2101 sipientia
575 2013 669 2081 enirn
696 2013 773 2103 ejus
799 2012 962 2082 omnibus
988 2012 1196 2104 pervulgata
1224 2014 1301 2090 erit,
1330 2012 1437 2082 'siout

388 2124 537 2208 iamnes,
556 2139 593 2196 et
613 2126 806 2197 Mambres.
857 2126 881 2196 J
885 2148 1015 2198 unicas
1040 2147 1245 2208 ornanum,
1264 2126 1367 2197 Siout
1390 2149 1435 2196 ex

387 2249 424 2309 te
441 2245 686 2333 comperimus,
704 2255 874 2336 tanquam
892 2242 1066 2336 Apostolo
1084 2243 1196 2313 Paulo
1214 2242 1366 2324 dicente,
1384 2245 1437 2312 in-

387 2381 492 2449 super
517 2361 624 2430 etiam
650 2361 695 2431 ab
724 2361 918 2454 Evangelio
946 2362 1208 2453 praescribente,
1234 2356 1345 2431 '‘nulli
1376 2362 1435 2431 alii

386 2497 486 2564 aeque
510 2475 548 2544 iu
574 2485 754 2567 posterum
778 2477 956 2568 praebetur
973 2479 1149 2570 ingressus
1174 2476 1218 2546 ad
1245 2478 1437 2567 praedican-

387 2588 481 2670 dum,
501 2589 556 2658 vel
575 2592 785 2676 docendum,
804 2591 860 2660 vel
878 2593 922 2661 ad
941 2590 1267 2684 evangelizandum,
1284 2590 1339 2661 vel
1357 2613 1437 2682 pro·

385 2704 603 2796 phetandum
629 2708 664 2776 in
694 2707 758 2777 hac
789 2709 863 2777 vita
890 2708 1075 2788 duntaxat,
1109 2708 1174 2776 nisi
1206 2706 1299 2775 forte
1329 2705 1436 2775 falsus

386 2821 558 2912 propheta
583 2821 763 2904 habeatur,
785 2832 848 2892 aut
871 2821 979 2892 falsus
995 2819 1168 2891 Christus.
1220 2819 1327 2890 Unde
1354 2841 1436 2890 cum

386 2937 517 3009 dixeris
542 2940 577 3008 in
606 2938 718 3009 Paulo
736 2940 843 3009 fuisse
870 2937 1098 3018 Paraclitum,
1116 2947 1153 3006 et
1179 2937 1294 3028 ipsum
1317 2937 1437 3005 omnia

386 3053 619 3146 consignasse,
633 3077 741 3145 quare
758 3055 860 3134 dixit,
875 3052 953 3123 ’Er
964 3061 1068 3147 parte
1084 3051 1220 3132 ammas,
1234 3060 1265 3121 ct
1278 3075 1322 3121 ca
1335 3059 1437 3144 parte

380 3167 651 3263 prophetarum
676 3193 751 3241 curn
775 3179 885 3240 erilem
904 3169 1042 3250 coemit,
1061 3167 1153 3261 qood
1169 3165 1359 3262 perfectum
1376 3176 1434 3249 est,

388 3282 426 3353 id
441 3284 533 3378 quod
548 3309 593 3356 ee
605 3295 707 3380 parts
724 3295 772 3357 est
789 3285 1014 3356 destruetur?
1041 3285 1158 3368 Quem
1179 3284 1287 3353 alium
1306 3307 1436 3375 expec-

386 3408 476 3482 tans,
493 3400 561 3471 hoc
579 3401 693 3473 dixit?
720 3402 824 3486 Quod
843 3403 871 3472 si
890 3402 965 3493 ipse
982 3400 1173 3470 confitetur
1189 3409 1380 3491 expectare
1397 3423 1435 3471 se

385 3514 541 3606 aliquem
559 3518 778 3609 perfectum3
805 3528 842 3587 et
859 3519 887 3588 si
903 3518 1023 3586 venire
1040 3516 1192 3607 aliquem
1208 3539 1351 3586 necesse
1369 3524 1434 3597 est,

388 3631 536 3700 ostende
553 3632 655 3704 nobis
679 3634 811 3724 dequo
830 3631 948 3703 dicat?
975 3654 1022 3701 ne
1039 3633 1130 3701 forte
1148 3633 1183 3700 in
1206 3631 1298 3701 hune
1318 3632 1435 3703 videa-

384 3821 425 3869 est
446 3814 504 3888 ipse
518 3814 698 3878 circundatus,
714 3813 778 3869 aliis
792 3813 899 3870 adhibet
912 3814 1000 3869 minas
1015 3811 1106 3868 vultus
1122 3811 1166 3866 sni
1186 3810 1357 3867 conversore
1378 3810 1433 3867 eir·

385 3911 509 3968 maderio
522 3910 657 3985 ludificat.
695 3909 752 3967 Sed
771 3917 815 3975 &a
858 3910 962 3967 Manes
983 3918 1077 3966 autem
1091 3917 1227 3981 tanquam
1242 3906 1358 3964 Mithrae
1380 3907 1432 3965 Sa·

384 4008 484 4065 cerdos
508 4007 674 4077 traducitur,
698 4009 762 4083 quia
782 4009 871 4065 solem
894 4008 1101 4065 venerabantur
1123 4004 1288 4070 Manichaei,
1313 4014 1345 4061 ut
1367 4005 1434 4063 alibi

384 4086 513 4162 ostendo.
557 4105 686 4178 (Mithra
708 4106 767 4164 sive
788 4107 855 4164 solia
877 4106 1012 4182 mysteria
1032 4112 1161 4162 recenset
1177 4102 1367 4161 Tertullianus
1387 4101 1434 4158 De

380 4221 494 4278 praescr.
509 4203 616 4260 Haeret.
632 4222 693 4278 cap.
709 4206 770 4276 40.)

426 4298 443 4343 Ι(
465 4299 499 4357 ln
514 4299 664 4358 (lesinensi
684 4309 736 4367 est,
751 4302 820 4359 nulli
840 4302 894 4358 elio
911 4310 990 4377 atque
1006 4308 1155 4376 posteram,
1170 4316 1254 4373 quem
1275 4297 1369 4353 locum
1392 4295 1433 4351 nti

383 4397 491 4454 editum
505 4407 549 4456 est
562 4399 716 4473 legendum
730 4400 836 4458 censui.
864 4400 939 4469 (For.
958 4398 1043 4454 modo
1058 4406 1124 4453 ante
1138 4394 1318 4453 scribendum
1333 4400 1387 4456 est,
1404 4391 1435 4447 id

383 4496 519 4571 evaugelio
529 4497 744 4571 prescribens.)

506 4617 513 4640 ¹
529 4629 543 4667 2
558 4610 633 4668 Tim.
648 4610 687 4670 iii.
704 4610 732 4676 8,
748 4630 778 4686 9.
1011 4616 1020 4639 ¹
1039 4628 1049 4665 r
1066 4608 1133 4668 Cor.
1149 4607 1207 4664 xiii.
1223 4624 1250 4680 9,
1268 4623 1310 4661 ro.
