3817 5692
515 707 560 778 96
742 707 996 771 ARCHELAI
1028 706 1090 769 ET
1122 704 1342 769 MANETIS

517 879 584 949 sub
600 901 672 948 una
689 885 866 969 potestate
884 878 1040 969 positus;
1067 878 1161 946 unde
1174 899 1220 945 ex
1238 877 1335 945 omni
1354 883 1455 966 parte
1469 883 1569 943 tene-

518 994 588 1063 b'rae
614 993 810 1086 ingenitam
837 1002 1000 1061 naturam
1026 991 1158 1062 habere
1187 1013 1259 1059 non
1278 998 1439 1081 possunt.
1492 988 1568 1058 Aa·

518 1128 685 1179 sumnus
710 1127 828 1189 nrxm,
859 1105 965 1176 Dicat
992 1106 1079 1175 mihi
1110 1106 1219 1175 etiam
1249 1104 1317 1175 hoo
1345 1104 1391 1174 ad
1419 1126 1470 1184 ea,
1488 1128 1569 1195 quae

517 1224 699 1317 proposita
728 1231 821 1292 sunt.
875 1220 953 1290 Deo
982 1223 1019 1291 in
1047 1243 1157 1314 regno
1187 1243 1250 1291 suo
1280 1221 1406 1313 posito,
1432 1228 1470 1289 et
1495 1242 1570 1289 nra-

517 1339 614 1434 liguo
631 1337 796 1409 similiter
811 1338 848 1407 in
866 1360 931 1406 suo
948 1359 1067 1428 regno,
1085 1337 1163 1426 quis
1188 1335 1283 1406 inter
1302 1336 1460 1406 medium
1479 1336 1570 1425 ipso-

517 1478 596 1525 rum
623 1453 861 1525 construxerit
889 1449 1055 1521 murum?
1102 1452 1186 1521 Non
1214 1452 1307 1520 enim
1335 1458 1454 1542 potest
1483 1451 1571 1519 divi·

518 1571 602 1640 dere
619 1571 703 1662 quid
722 1569 810 1637 duas
835 1567 1061 1648 substantias,
1080 1567 1146 1636 nisi
1169 1567 1264 1657 quod
1291 1566 1338 1635 sit
1362 1566 1570 1656 ¹’utriusque

518 1687 640 1777 majus,
675 1686 768 1754 sicut
802 1681 908 1754 ¹dicit
941 1683 979 1751 in
1010 1681 1161 1752 Genesis
1191 1680 1290 1761 libro,
1317 1682 1401 1772 quia
1433 1678 1571 1752 'clicuit

518 1798 617 1870 Deus
643 1798 734 1869 inter
758 1795 876 1881 lucam,
893 1806 926 1867 et
948 1794 1111 1886 tenebras.
1163 1796 1287 1867 Talem
1313 1819 1389 1867 esse
1415 1797 1571 1888 aliquem

519 1935 662 1984 necesse
679 1922 734 1982 est
751 1922 789 1982 et
813 1912 905 1981 muri
930 1912 1033 1981 istius
1055 1912 1317 1990 instructorem,
1336 1933 1457 1980 murus
1474 1910 1570 1982 enim

519 2029 688 2098 terminos
713 2027 991 2119 uniuscujusque
1015 2028 1243 2107 demonstrat,
1262 2028 1354 2095 sicut
1381 2027 1474 2096 inter
1499 2047 1568 2107 eos,

520 2145 581 2235 qui
603 2166 685 2212 rura
705 2142 876 2224 incolunt,
896 2142 984 2235 lapis
1010 2141 1101 2213 solet
1127 2144 1326 2235 portionem
1351 2142 1572 2234 uuiuscujus-

520 2281 590 2349 que
607 2257 785 2338 dividere3
812 2280 894 2349 quae
912 2267 1032 2328 tamen
1051 2279 1106 2326 res
1123 2259 1236 2350 magis
1257 2256 1479 2327 intellectum
1498 2258 1569 2339 dat,

519 2374 660 2465 quando
678 2372 923 2463 hujuscemodi
949 2374 1073 2442 divisio
1099 2373 1260 2442 fraternae
1284 2374 1401 2464 potius
1426 2373 1571 2443 haeredi·

520 2490 605 2559 tatis
633 2491 680 2559 sit
709 2489 809 2557 ratio.
861 2486 998 2558 Verum
1025 2510 1120 2557 nunc
1146 2511 1217 2557 non
1245 2498 1300 2558 est
1327 2487 1415 2557 mihi
1443 2489 1488 2558 de
1515 2487 1570 2557 his

521 2607 723 2690 dicendum,
740 2628 942 2697 quanquam
960 2606 1196 2675 necessarium
1215 2606 1395 2687 videatur3
1421 2628 1503 2675 nam
1528 2605 1570 2675 il·

520 2723 581 2793 lud
608 2730 673 2803 est,
691 2722 785 2812 quod
812 2722 977 2813 petimus,
995 2722 1073 2811 quis
1096 2730 1162 2802 ost,
1182 2722 1242 2811 qui
1269 2722 1468 2790 extruxerit
1492 2743 1570 2790 mu·

521 2860 598 2906 rum
616 2837 660 2906 ad
678 2836 933 2928 designandum
947 2836 1223 2927 uniuscujusque
1236 2837 1428 2904 terminum
1446 2835 1569 2927 regni?

522 2949 605 3019 Non
639 2950 801 3032 dixerat;
827 2949 909 3019 nolo
939 2958 1100 3020 moretur
1127 2950 1185 3020 hic
1216 2950 1379 3042 perfidus,
1407 2949 1468 3019 sed
1492 2951 1569 3040 jam

521 3063 734 3134 confiteatur
751 3064 931 3134 dualitatis
949 3087 1023 3136 suae
1040 3066 1078 3133 in
1095 3087 1204 3134 unum
1225 3066 1378 3134 refusam
1396 3087 1471 3134 esse
1489 3065 1572 3135 sub-

524 3179 702 3247 stantiam.
754 3178 862 3248 Dicat
880 3201 1094 3270 quenquam,
1112 3178 1172 3271 qui
1198 3180 1355 3249 medium
1372 3181 1571 3249 extruxerit

521 3292 687 3361 mummi
714 3293 811 3376 Quid
835 3293 964 3388 agebat
981 3293 1083 3377 alter,
1100 3293 1212 3364 altero
1231 3294 1451 3364 instruente?
1477 3291 1571 3365 Dor·

522 3407 665 3491 miebat,
691 3422 753 3478 aut
777 3407 972 3502 ignorabat,
996 3418 1060 3478 aut
1083 3410 1245 3479 resistere
1267 3432 1337 3478 non
1364 3410 1485 3493 valuit,
1508 3421 1571 3480 aut

522 3524 637 3613 pretio
655 3522 852 3593 concessit?
880 3521 949 3592 Dic
967 3523 1052 3614 quid
1073 3523 1235 3606 faciebat,
1253 3524 1309 3593 vel
1327 3526 1407 3615 quis
1424 3534 1477 3595 est
1495 3548 1571 3594 om-

522 3638 618 3720 nino,
632 3639 693 3727 qui
708 3636 893 3708 extruxit?
919 3637 996 3709 Vos
1009 3639 1187 3729 deprecor,
1202 3637 1226 3708 J
1229 3639 1357 3721 udices,
1369 3663 1457 3730 quos
1471 3639 1571 3710 Deus

523 3750 727 3841 plenissime
753 3751 905 3844 repletos
930 3753 1116 3823 intellectu
1141 3754 1238 3823 misit
1263 3754 1373 3836 nobis,
1389 3756 1569 3846 judicate3

522 3867 602 3956 quis
618 3887 664 3935 ex
681 3865 819 3936 duobus
836 3869 1046 3950 extruxerit,
1064 3870 1203 3960 etquid
1222 3871 1350 3963 agebat
1368 3893 1469 3953 unus,
1487 3892 1570 3940 cum

522 3978 614 4050 alter
630 3988 850 4051 extruxerat.

575 4092 729 4165 XXIV.
754 4094 912 4169 Jonlcns
936 4118 1139 4181 mxnnunr,
1157 4100 1226 4171 Dio
1250 4100 1404 4183 nobiao
1431 4098 1570 4183 Manes,

522 4208 601 4298 quis
619 4209 854 4303 designaverit
879 4214 968 4283 fines
993 4214 1178 4303 utriusque
1203 4214 1312 4306 regni,
1330 4213 1409 4304 quis
1428 4233 1571 4282 mumm

751 4444 767 4477 Β
778 4433 812 4490 ln
828 4435 924 4493 codice
935 4436 1092 4501 casinensi,
1105 4446 1239 4512 utrunque
1251 4438 1346 4511 majas.

697 4570 704 4594 ¹
721 4563 799 4634 (For.
815 4565 940 4638 dicitur.)
1186 4574 1194 4597 ¹
1210 4567 1314 4627 Genea.
1329 4567 1345 4622 i.
1361 4586 1390 4640 4.
