3817 5692
589 704 653 767 DE
678 703 1062 767 REBAPTISMATE
1086 701 1244 765 LIBER.
1375 700 1439 763 305

393 876 540 947 Petrum
571 878 638 947 hoc
665 900 804 970 passum
832 899 908 947 esse
937 878 974 945 in
1000 874 1182 968 evangelio
1208 873 1440 966 deprehendi·

391 1015 481 1074 mus,
516 1015 639 1063 verum
674 994 855 1065 universos
889 1015 1031 1084 quoque
1064 989 1273 1083 discipulum
1309 990 1438 1082 quibus

383 1108 460 1198 jam
488 1110 674 1202 baptizatis
701 1119 825 1202 postea
849 1109 1025 1179 Dominus
1052 1109 1114 1190 ait,
1132 1107 1214 1201 qaia
1240 1129 1297 1177 aas
1322 1127 1437 1177 omncs
1446 1114 1524 1164 ¹1⁰⁰·
1534 1114 1584 1164 xtr-

389 1224 714 1297 scandalizabimini
730 1227 769 1297 ia
785 1250 848 1297 ma.
888 1226 959 1310 Qui
979 1247 1112 1307 omnes,
1130 1232 1172 1295 ut
1189 1190 1485 1295 animadverti-’⁷'

388 1361 477 1423 mus,
495 1351 652 1412 correcta
675 1342 747 1412 fide
772 1365 847 1424 sua,
870 1353 950 1434 post
977 1341 1268 1412 resurrectionem
1291 1339 1438 1409 Domini

388 1456 425 1525 in
452 1455 588 1548 Spiritu
616 1466 738 1527 sancto
767 1467 851 1527 sunt
879 1456 1070 1548 baptizati3
1097 1465 1138 1525 ut
1163 1479 1234 1525 non
1258 1455 1438 1525 immerito

388 1569 494 1642 hodie
511 1596 652 1664 quoque
673 1573 858 1644 credamus
881 1572 1043 1642 homines
1060 1580 1235 1642 correctos
1252 1594 1273 1641 a
1289 1572 1437 1663 pristino

387 1709 505 1758 errore
533 1691 570 1758 in
601 1686 738 1781 Spiritu
769 1697 892 1761 sancto
923 1711 1024 1781 posse
1053 1689 1233 1780 baptizari,
1263 1688 1323 1779 qui
1353 1711 1435 1759 cum

386 1825 478 1895 aqua
500 1803 766 1896 baptizarentur
789 1805 826 1874 in
853 1806 996 1874 nomine
1014 1802 1159 1874 Domini
1180 1802 1337 1895 ¹nliquad
1361 1826 1435 1873 sca·

386 1918 485 1990 brem
504 1920 709 1991 habuissent
725 1919 845 1990 iidem.
897 1920 1073 2005 Quoniam
1097 1919 1251 1989 multum
1277 1919 1434 2000 interest,

386 2045 505 2106 utrum
532 2036 567 2105 in
595 2044 710 2106 totum
733 2037 812 2128 quis
836 2060 907 2106 non
933 2038 980 2106 sit
1006 2036 1206 2128 baptizatus
1230 2036 1268 2104 in
1289 2035 1435 2106 nomine

384 2150 530 2221 Domini
556 2152 666 2223 nostri
683 2151 772 2223 Jesu
793 2152 936 2231 Christi,
953 2175 998 2223 an
1022 2175 1105 2224 vero
1131 2152 1168 2222 in
1194 2151 1313 2244 aliquo
1338 2149 1435 2221 elau·

384 2266 480 2336 dicat
496 2290 578 2337 aum
596 2267 795 2359 baptizatur
813 2267 1043 2360 'baptismata
1068 2292 1178 2362 aquae,
1196 2269 1293 2361 quod
1317 2269 1434 2339 minus

383 2391 448 2464 est,
466 2381 658 2453 dummodo
676 2393 800 2475 postea
816 2393 956 2454 constet
971 2384 1009 2453 in
1027 2384 1177 2455 veritate
1194 2386 1330 2455 sincera
1345 2384 1433 2455 fides

383 2496 419 2566 in
438 2496 651 2589 baptismate
669 2497 834 2590 Spiritus,
852 2500 947 2590 quod
964 2522 1036 2569 non
1054 2498 1163 2569 dubie
1180 2501 1292 2591 majus
1309 2509 1376 2571 est.

433 2613 524 2685 VII.
551 2613 631 2685 Nec
656 2614 810 2685 aestimes
834 2614 918 2684 huic
938 2614 1107 2684 tractatui
1124 2616 1337 2685 contrarium
1355 2638 1432 2688 esse

382 2730 476 2820 quod
503 2730 594 2800 dixit
619 2729 812 2800 Dominus:
838 2725 901 2810 Ite,
924 2727 1037 2800 docete
1056 2737 1184 2826 pratas,
1204 2730 1350 2825 tiupuite
1373 2739 1530 2823 castisque

382 2845 421 2914 in
450 2846 588 2916 aomina
606 2844 730 2915 Patris
757 2851 788 2915 ct
809 2841 903 2915 Fati
927 2852 959 2915 et
980 2843 1138 2938 Spiritus
1162 2846 1284 2916 sancti,
1336 2822 1568 2932 Quia””'”'⁹

381 2983 462 3029 cum
494 2961 560 3030 hoc
591 2983 713 3031 verum
744 2971 782 3031 et
814 2971 953 3030 rectum
983 2969 1021 3031 et
1056 2961 1219 3032 omnibus
1248 2963 1363 3034 modis
1392 2966 1429 3034 iu

382 3075 530 3146 ecclesia
554 3076 810 3146 observandum
836 3075 894 3157 sit,
916 3083 956 3145 et
981 3076 1156 3147 observari
1182 3100 1323 3169 quoque
1348 3079 1430 3150 soli-

381 3202 458 3261 tum
485 3194 540 3274 sit,
567 3202 685 3262 tamen
713 3192 934 3262 considerare
961 3200 1102 3283 oportet
1127 3194 1221 3284 quod
1252 3195 1428 3266 invocatio

379 3307 532 3378 nominis
547 3306 635 3377 Jesu
656 3329 727 3376 non
745 3307 853 3377 debet
870 3329 892 3376 a
909 3306 1010 3376 nohis
1027 3306 1140 3378 futilis
1159 3308 1268 3378 videri
1286 3319 1429 3401 propter

379 3424 643 3495 venerat-ionem
661 3431 698 3493 et
716 3422 885 3492 virtutem
909 3423 1020 3514 ipsius
1043 3424 1204 3506 nominis,
1222 3426 1260 3494 in
1277 3447 1348 3516 quo
1366 3449 1428 3495 no-

379 3540 474 3609 mine
506 3540 655 3609 virtutes
684 3560 807 3608 omnes
836 3537 954 3608 solent
983 3538 1078 3609 fieri:
1105 3548 1144 3610 et
1172 3562 1427 3633 nonnunquam

376 3659 503 3751 aliquae
520 3660 628 3729 etiam
646 3658 709 3728 ³ab
726 3658 929 3730 hominibus
945 3660 1133 3732 extraneis.
1168 3659 1336 3733 Ceterum
1355 3686 1426 3754 quo

378 3776 558 3867 pertinent
581 3774 644 3846 illa
667 3776 773 3845 verba
794 3775 937 3858 Christi,
964 3777 1023 3867 qui
1049 3787 1260 3871 negaturum
1286 3801 1325 3849 se
1350 3803 1426 3851 esse

418 3985 426 4008 ¹
441 3978 555 4054 aliquod
569 3980 697 4035 scabram
712 3979 878 4036 habuissent
891 3979 992 4054 fidem]
1010 3980 1133 4040 Fortean
1147 3983 1292 4058 scripserit
1305 3986 1423 4050 Auctor,

376 4074 468 4150 aliquo
482 4076 606 4132 scabram
615 4100 625 4142 ,·
647 4076 702 4132 hoc
723 4085 777 4140 est,
793 4076 978 4151 aliquatenus,
996 4086 1027 4134 ut
1047 4079 1121 4154 apud
1134 4079 1240 4138 Tertul.
1255 4081 1346 4157 aliquo
1360 4083 1422 4140 Nu·

375 4173 471 4229 midas.
514 4171 600 4240 Quod
622 4172 645 4228 si
669 4171 731 4247 quis
752 4172 831 4229 malit
851 4172 962 4248 aliquod
979 4174 1104 4231 scabram
1122 4175 1189 4234 ferri
1211 4187 1288 4234 certe
1309 4179 1423 4252 poterit,

376 4269 613 4342 quemadmodum
628 4268 703 4344 apud
714 4269 817 4344 virgil.
833 4289 864 4326 os
877 4269 1051 4347 humerosque
1064 4273 1114 4329 deo
1126 4273 1233 4331 similis.
1255 4274 1381 4332 Rrasnr.

416 4367 609 4441 'baptismate
633 4367 726 4442 aquae]
751 4367 800 4425 Sic
824 4368 1036 4426 emendavimus
1057 4370 1132 4443 quod
1155 4371 1184 4426 in
1203 4370 1268 4427 MS.
1289 4371 1422 4429 Remensi

375 4482 460 4538 prave
474 4465 610 4539 scriptum
625 4474 678 4530 est,
693 4466 865 4542 Baptismata
878 4484 911 4522 ea
925 4485 995 4542 qua.
1018 4466 1196 4523 ansnrrus.

415 4560 474 4616 ’ab
495 4560 656 4617 hominihus
675 4564 830 4636 extraneis]
854 4562 922 4619 Non
941 4562 1104 4620 domesticis
1121 4563 1203 4620 fidei:
1226 4572 1308 4620 extra
1321 4565 1420 4623 Eccle-

374 4657 444 4712 siam
458 4657 629 4714 constitutis.
673 4657 751 4715 Infra
766 4658 839 4715 dicet
853 4658 959 4715 alienis.
983 4659 1162 4719 Rrasnrrus.

417 4773 483 4814 von.
497 4773 527 4814 v.
885 4774 937 4815 nr
