3817 5692
743 708 1053 771 DISPUTATIO.
1355 709 1418 769 115

374 878 445 951 leus
471 881 584 951 tuus?
610 880 658 951 Et
676 878 865 975 ¹Absorpto
890 890 938 950 est
960 904 1051 951 mors
1076 882 1111 949 ia
1129 880 1282 951 victoria.
1336 879 1416 950 Hac

375 1016 460 1086 ergo
477 1016 522 1062 ex
546 1016 650 1063 cansa
670 992 911 1064 Ministerium
932 996 1051 1064 toartis
1075 994 1251 1086 appellata
1268 1005 1322 1063 est
1346 994 1415 1074 lex,

375 1109 456 1200 quia
486 1119 672 1200 peccantes
706 1111 970 1199 praevaricantes
1004 1111 1109 1179 morti
1145 1110 1315 1189 tradebat,
1346 1132 1417 1178 ser-

375 1233 498 1293 vantes
522 1234 644 1293 autern
666 1246 714 1305 se,
734 1223 945 1293 defendebat
971 1247 993 1293 a
1016 1233 1140 1304 morte,
1162 1233 1199 1292 et
1222 1225 1416 1293 constitne-

375 1339 438 1407 bat
463 1340 499 1406 in
524 1338 647 1431 gloria,
666 1361 732 1429 ope
754 1350 860 1430 atque
885 1337 1016 1407 auxilio
1034 1339 1179 1407 Domini
1202 1340 1310 1409 nostri
1328 1339 1416 1408 Jesu

376 1451 518 1522 Christi.

427 1565 576 1636 XXXI.
599 1566 697 1636 Audi
724 1568 829 1637 etiam
857 1577 895 1636 et
920 1568 964 1636 de
992 1590 1043 1648 eo,
1067 1568 1161 1659 quod
1187 1566 1321 1637 dictum
1352 1579 1416 1647 est,

377 1680 466 1771 'Qui
489 1679 631 1751 redemit
656 1704 717 1751 cos
743 1680 784 1751 de
806 1679 983 1752 maledieto
1006 1680 1088 1778 lepis
1112 1680 1284 1754 Christus.
1308 1747 1310 1750 .
1336 1682 1418 1751 Hoc

378 1799 413 1866 in
439 1796 517 1866 loco
534 1797 710 1888 pervideo,
730 1795 955 1888 magnificum
980 1794 1049 1864 Dei
1075 1794 1247 1865 famulum
1266 1794 1418 1886 Moysen

378 1907 640 2002 “imaginariam
676 1909 791 2002 legem
827 1910 891 1991 his,
922 1911 982 1999 qui
1010 1918 1107 1978 recte
1134 1906 1261 1977 ¹velint
1288 1910 1418 1993 videre,

379 2023 571 2104 tradidisse,
589 2032 627 2092 et
649 2024 764 2115 legem
788 2046 916 2093 veram.
969 2022 1069 2093 Sicut
1091 2024 1185 2091 enim
1213 2020 1312 2092 Dens
1338 2045 1419 2092 curn

378 2137 517 2207 fecisset
542 2139 725 2220 mundum,
747 2146 784 2207 et
806 2139 931 2220 omnia,
956 2160 1032 2228 quae
1054 2139 1091 2206 in
1116 2159 1159 2206 eo
1180 2146 1272 2217 sunt,
1298 2138 1335 2207 in
1357 2156 1420 2206 sex

379 2251 511 2334 diebus,
530 2254 703 2343 requievit
720 2254 757 2322 in
775 2252 832 2321 die
849 2252 1000 2343 septima
1016 2252 1061 2322 ab
1078 2252 1241 2322 omnibus
1258 2251 1421 2343 operibus

379 2367 470 2449 suis;
497 2388 568 2435 non
585 2366 673 2447 dico,
693 2368 775 2458 quia
795 2367 1038 2457 mrequieverit
1062 2366 1238 2458 fatigatus,
1257 2367 1316 2434 sed
1337 2389 1420 2456 quo·

379 2480 474 2548 niam
495 2480 540 2549 ad
565 2482 761 2572 perfectum
785 2481 982 2551 adduxerat
1008 2502 1159 2560 omnem,
1178 2503 1283 2571 quam
1307 2479 1422 2549 facere

379 2594 606 2686 disposuerat,
625 2605 841 2665 creaturam:
868 2595 1020 2685 denique
1036 2596 1095 2675 ait,
1113 2591 1240 2663 ³Poter
1257 2617 1349 2662 rocus
1367 2617 1422 2662 aa·

381 2730 444 2801 que
460 2705 559 2779 modo
576 2718 746 2802 operatur,
766 2718 796 2778 et
813 2732 872 2805 epo
890 2730 1022 2801 operor.
1072 2708 1341 2797 Numquidnam
1358 2729 1423 2775 cae-

421 2980 437 3023 ¹¹
465 2984 661 3059 Imapiaariam
689 2983 847 3041 Archelaus
876 2993 958 3040 vocat
985 2983 1078 3057 legem
1105 2990 1186 3038 vetus
1211 2989 1422 3045 testamentum,

381 3080 457 3157 quod
471 3089 555 3155 typus
569 3090 644 3137 esset
658 3089 688 3137 et
701 3080 796 3153 imago
811 3080 912 3136 future
927 3097 1007 3134 novae
1022 3079 1102 3152 legis.
1144 3077 1192 3134 Sic
1213 3086 1242 3134 et
1259 3078 1373 3133 Petrum
1389 3078 1424 3134 de

381 3176 481 3233 Vincis
494 3176 523 3232 in
537 3176 663 3250 epistolis
677 3176 734 3232 suis
748 3193 806 3231 non
824 3175 920 3239 semel,
937 3175 1128 3248 imepa'anriam
1149 3174 1293 3230 hominem
1307 3191 1425 3229 vocasse

381 3274 521 3337 nuntium,
537 3290 587 3328 seu
600 3273 726 3346 legatum
744 3271 875 3328 observat
890 3270 1017 3345 Cangins
1031 3271 1059 3325 in
1074 3269 1229 3333 Glossario,
1245 3269 1320 3341 quod
1335 3269 1422 3333 illum,

381 3387 467 3444 aquo
480 3369 583 3425 missus
602 3368 703 3436 fuerat,
718 3375 901 3440 representet,
915 3376 944 3423 et
958 3367 1019 3440 ejus
1040 3366 1117 3422 velut
1137 3365 1290 3439 imaginem
1311 3365 1423 3422 referat.

382 3467 480 3523 Utitur
500 3473 529 3521 et
549 3466 602 3521 hac
616 3480 685 3520 voce
707 3463 821 3537 Evagrii
836 3462 974 3519 Monachi
994 3471 1075 3518 vetus
1094 3462 1232 3534 interpres
1249 3461 1279 3516 in
1297 3460 1423 3535 disputa-

382 3562 459 3618 tione
469 3560 620 3634 Theophili
634 3559 767 3633 Episcopi
781 3558 964 3615 Alexandrini
976 3575 1040 3615 cum
1055 3556 1172 3613 Simone
1185 3557 1204 3612 J
1206 3557 1286 3613 udaeo
1301 3575 1361 3630 cap.
1378 3574 1423 3629 13.

382 3658 429 3714 uhi
451 3657 567 3714 sabbata
580 3656 768 3730 mainarius·
781 3655 906 3729 requiem
921 3662 1004 3709 vocat
1023 3653 1150 3726 septimae
1169 3652 1242 3707 illius
1254 3651 1318 3715 diei,
1330 3653 1426 3726 inqua

382 3753 484 3815 Deunu
498 3750 597 3806 mnndi
609 3749 752 3805 creatione
770 3748 907 3812 absoluta,
923 3747 1092 3821 requievisse
1113 3746 1217 3821 pagina
1237 3763 1317 3801 sacra
1336 3752 1424 3801 testa-

381 3857 438 3904 tur.
479 3846 575 3914 Quare
591 3844 745 3901 Archelaus
759 3844 788 3899 in
801 3844 985 3919 responsione
1002 3843 1038 3898 ad
1054 3842 1211 3897 Diodorum
1229 3840 1426 3914 presbyterum

382 3942 456 3998 infra
473 3958 535 4014 cap.
550 3957 599 4011 4¹·
618 3948 696 3996 totus
717 3939 808 3996 estin
833 3937 1065 4000 demonstrando,
1087 3955 1144 3992 non
1163 3954 1226 3993 esse
1242 3935 1426 4010 rejiciendum

382 4046 464 4092 vetus
477 4042 689 4097 testamentum,
703 4035 768 4107 quia
782 4043 915 4107 tanquam
930 4032 1076 4108 speculum
1092 4049 1186 4087 veram
1201 4030 1283 4086 nobis
1294 4026 1427 4101 exprimit

382 4149 463 4188 novae
476 4130 549 4205 legis
563 4131 724 4204 imaginem.

423 4225 432 4270 ¹
448 4227 542 4292 Forte,
556 4226 639 4283 velint
652 4227 750 4282 vivere

424 4332 448 4363 ¹⁰
469 4322 504 4378 ln
519 4321 666 4379 Casinensi
681 4331 733 4384 est,
746 4322 836 4395 requie
857 4321 1028 4395 requieverit,
1044 4319 1094 4376 sed
1115 4338 1148 4375 ea
1168 4317 1252 4374 lectio
1272 4316 1353 4372 nobis
1368 4314 1429 4369 visa

385 4428 429 4476 est
443 4419 525 4475 nnius
539 4418 721 4492 ejusdemque
735 4417 813 4473 vocis
828 4417 958 4491 repetitio
972 4416 1025 4472 nisi
1040 4416 1134 4489 potius
1148 4414 1311 4488 graecismus
1326 4411 1373 4465 sit.

450 4602 456 4624 ¹
476 4614 487 4650 1
503 4593 569 4649 Cor.
586 4612 632 4650 xv.
647 4607 693 4668 54.
820 4593 903 4648 'Gal
916 4594 952 4650 iii.
972 4612 980 4648 r
987 4611 1014 4664 3.
1147 4589 1253 4644 ³Joan.
1271 4603 1295 4638 v·
1312 4598 1357 4652 17-

879 4694 899 4738 Q
916 4691 934 4735 2
